3194 4996
688 356 903 419 „37-

242 546 355 591 annum
386 526 446 589 728
475 525 525 608 (cf.
549 525 676 590 Sueten.
700 547 730 607 p.
754 529 793 590 42
822 524 933 609 Reiffi),
964 525 1047 590 hanc
1079 526 1221 608 eclogam
1253 527 1351 606 scrip-

241 635 305 693 tam
337 628 442 711 esse.¹)
486 627 535 691 his
566 630 650 692 enim
679 628 823 693 versibus
854 630 972 694 Noster
1000 629 1127 697 Gallum
1158 635 1288 712 po'etam
1320 629 1353 691 in

241 733 344 814 ipsum
366 730 530 794 Musarum
558 738 684 796 coetum
711 732 817 796 induci
843 739 876 796 et
898 737 1082 814 assurgente
1104 738 1175 799 toto
1197 732 1353 815 Apollinis

242 833 339 898 choro
361 831 468 896 fistula
490 833 649 899 Hesiodea
671 834 782 898 donari
804 832 895 900 iacit:
919 856 998 916 quos
1020 834 1074 898 ille
1089 835 1183 899 nimis
1198 833 1353 898 absurdos

240 941 331 1018 putat
353 934 500 1015 honores,
523 936 550 999 si
571 936 612 999 ad
634 937 739 1001 virum
760 943 891 1019 poetam
911 945 1007 1019 atque
1029 938 1196 1002 etiamtum
1215 938 1353 1001 tironem

241 1038 420 1101 referantur
456 1036 571 1120 (Symb.
597 1038 711 1102 Joach.
738 1060 768 1120 p.
792 1042 852 1119 27).
906 1046 941 1105 at
970 1040 1101 1118 nemini,
1134 1040 1260 1121 opinor,
1291 1038 1352 1104 hoc

239 1140 357 1223 poterit
380 1137 545 1203 offensioni
567 1160 637 1203 esse
660 1142 714 1223 qui
737 1142 864 1223 quidem
879 1143 1039 1224 Propertii
1062 1162 1190 1206 carmen
1208 1141 1352 1205 suavissi-

240 1264 325 1307 mum
348 1241 404 1325 (IV
420 1245 451 1325 3)
473 1243 506 1304 in
528 1243 668 1307 animum
686 1245 884 1308 revocaverit
902 1266 964 1325 quo
980 1264 1013 1309 se
1029 1245 1240 1309 somniantem
1255 1250 1353 1325 potita

240 1345 315 1410 facit
346 1365 380 1409 se
411 1345 444 1407 in
467 1344 620 1409 Helicone
648 1353 755 1411 monte
783 1347 904 1410 versari
932 1354 965 1410 et
991 1346 1032 1411 ab
1058 1348 1128 1428 ipso
1151 1346 1298 1428 Apolline
1320 1348 1353 1410 in

241 1448 401 1513 Musarum
432 1452 559 1511 antrum
589 1447 696 1512 induci
727 1446 777 1531 (cf.
806 1451 903 1514 etiam
929 1450 1023 1532 Prop.
1050 1450 1095 1513 IV
1121 1452 1147 1529 1,
1174 1452 1233 1532 17).
1278 1450 1353 1531 quin

239 1551 306 1633 ipse
329 1548 486 1630 Vergilius
514 1549 546 1612 in
574 1550 754 1632 Georgicon
776 1550 857 1617 libro
880 1552 937 1615 III.
960 1553 1088 1615 ineunte
1116 1555 1154 1634 (r.
1182 1554 1231 1633 10)
1255 1550 1293 1615 de
1318 1571 1352 1615 se

240 1652 405 1734 praedicat
431 1652 568 1733 primum
595 1672 629 1716 se
657 1653 698 1717 ab
720 1655 821 1718 Aonio
844 1656 961 1718 vertice
983 1653 1168 1719 redeuntem
1191 1654 1299 1720 Musas
1320 1655 1353 1717 in

204 1809 208 1812 .
239 1756 377 1836 patriam
408 1775 499 1819 suam
530 1753 739 1819 deducturum
771 1776 850 1820 esse.
899 1762 1009 1821 nostro
1041 1763 1148 1820 autem
1174 1756 1246 1822 looo
1275 1758 1353 1821 satis

240 1857 343 1941 lepide
366 1857 448 1920 hanc
472 1859 628 1939 expressit
650 1859 852 1922 sententiam:
875 1859 1001 1924 Gallum
1024 1866 1153 1940 poetam
1171 1880 1191 1921 a
1206 1860 1353 1923 carmini·

242 1962 297 2024 bus
333 1961 497 2045 amatoriis
528 1960 568 2023 ad
599 1960 730 2025 heroica
761 1967 949 2042 argumenta
981 1962 1138 2043 progredi.
1146 1963 1167 2040 2)
1216 1980 1353 2042 namque

241 2082 309 2125 eum
333 2060 497 2126 Heliconis
525 2061 659 2144 gradum
688 2063 860 2127 escendere
886 2063 940 2126 ille
968 2070 1118 2127 narratur
1139 2062 1181 2128 ad
1203 2083 1297 2144 quem
1320 2084 1353 2127 se

241 2165 379 2231 noudum
401 2166 582 2247 pervenisse
596 2166 782 2248 Propertius
805 2165 899 2249 (hunc
923 2167 989 2230 sine
1012 2164 1107 2230 dubio
1123 2167 1233 2230 Nostri
1249 2166 1354 2232 locum

241 2267 437 2349 recordatus)
459 2268 641 2333 clarissimis
660 2268 764 2333 verbis
788 2270 847 2351 (ill
870 2272 916 2348 lt),
933 2271 974 2332 25
994 2271 1052 2351 sq.)
1075 2269 1233 2348 ,Nondum
1258 2269 1354 2331 etiarn

241 2373 395 2435 Ascraeos
426 2378 543 2435 norunt
569 2392 642 2435 mea
669 2372 812 2434 carmina
839 2371 957 2451 fontes,
989 2371 1045 2435 sed
1073 2370 1168 2435 modo
1196 2371 1353 2435 Permessi

242 2471 368 2537 flumine
384 2473 461 2536 lavit
476 2476 581 2538 Amor‘
596 2471 758 2556 professus
774 2481 831 2539 est.
863 2475 917 2538 ille
941 2475 968 2538 si
990 2473 1030 2538 ad
1054 2475 1139 2555 ripas
1162 2474 1230 2537 eius
1252 2472 1354 2536 flumi-

243 2577 287 2640 nis
309 2582 525 2640 commoratus
547 2577 723 2640 amatoriae
744 2577 832 2657 pobsi
847 2597 880 2640 se
897 2597 1008 2641 vacare
1025 2577 1110 2655 dicit,
1133 2583 1220 2640 recte
1236 2596 1353 2654 ,erran-

243 2683 303 2743 tem
326 2678 484 2742 Permessi
513 2678 554 2742 ad
575 2677 706 2742 flumina
728 2678 864 2743 Gallum‘
892 2679 961 2743 leve
991 2678 1212 2743 tantummodo
1241 2678 1353 2742 carmi-

168 2865 171 2872 ,
243 2801 313 2844 num
329 2800 437 2862 genus,
452 2781 643 2845 amatorium
659 2781 789 2861 scilicet,
804 2802 904 2863 usque
920 2802 958 2846 eo
974 2780 1110 2846 coluisse
1125 2780 1353 2860 intellegemus.

244 2884 294 2964 qui
317 2902 389 2946 cum
412 2903 432 2945 a
454 2884 522 2947 rivo
544 2882 599 2947 illo
623 2883 662 2947 de
684 2883 846 2948 Heliconis
869 2886 988 2948 vertice
1011 2882 1179 2947 delabente
1202 2883 1252 2965 (of.
1268 2881 1353 2945 Serv.

244 2984 280 3048 ad
302 2984 360 3048 ecl.
383 2984 429 3047 VI
452 2987 504 3066 64)
532 2990 648 3064 ,Aonas
674 2986 707 3050 in
729 2987 869 3065 montis‘,
898 2988 917 3050 i.
938 3007 962 3050 e.
987 2985 1029 3050 ad
1055 2987 1157 3067 ipsum
1184 2991 1353 3067 poetarum

244 3088 355 3152 montis
377 3087 529 3152 verticem
552 3087 689 3167 ducitur,
712 3088 901 3154 admonetur
922 3089 989 3152 sine
1014 3087 1110 3153 dubio
1130 3095 1166 3152 ut
1189 3086 1354 3151 sublimius

244 3189 446 3272 aggrediatur·
467 3189 572 3271 poesis
595 3190 729 3273 genus.³)
767 3190 853 3272 qnod
875 3211 950 3254 vero
973 3211 1140 3273 assurgere
1156 3189 1249 3257 Gallo
1267 3194 1354 3252 totus

244 3291 361 3358 Phoebi
388 3291 503 3356 chorus
531 3292 660 3372 dicitur,
690 3292 751 3357 hac
779 3294 848 3375 ipsa
870 3315 905 3358 re
928 3291 1094 3358 ostendero
1117 3294 1235 3358 Noster
1256 3289 1355 3354 voluit

244 3415 303 3459 uon
331 3396 395 3459 iam
422 3395 571 3474 tironem,
604 3395 659 3459 sed
685 3396 840 3477 insignem
867 3397 994 3478 poetica
1015 3395 1109 3460 laude
1132 3395 1258 3459 Gallum
1282 3415 1354 3458 curn

328 3651 348 3716 ¹)
367 3649 501 3704 Fleckeis.
524 3652 593 3705 Anu.
619 3656 684 3704 1864
707 3669 733 3721 p.
751 3655 798 3704 771
819 3669 858 3722 eq.
886 3652 952 3706 ibid.
976 3655 1042 3704 1878
1066 3669 1091 3721 p.
1111 3657 1161 3704 859
1180 3668 1219 3721 sq.
1260 3650 1355 3720 Symb.

245 3734 336 3789 doech.
354 3753 380 3804 p.
393 3740 427 3788 25
439 3752 491 3804 sq.:
515 3742 611 3789 contra
628 3736 770 3807 disputant
786 3737 896 3790 Krause
912 3755 938 3806 p.
951 3741 984 3788 33
1003 3753 1042 3806 sq.
1066 3736 1208 3807 Przygode
1226 3755 1252 3806 p.
1265 3741 1299 3789 42
1315 3753 1355 3806 sq.

328 3821 349 3888 ²)
367 3839 393 3876 v.
405 3821 563 3874 Kolsterum
581 3839 606 3890 p.
620 3828 653 3876 98
666 3839 714 3890 sq.⁷
734 3825 781 3892 qui
799 3823 834 3876 de
852 3824 965 3875 mutatis
982 3822 1077 3877 formis
1089 3821 1211 3876 Silenum
1224 3825 1355 3876 cecinisse

245 3911 316 3960 ratus
334 3905 454 3960 Cornelii
467 3905 541 3960 Galli
559 3909 705 3960 transitum
722 3908 758 3961 ab
776 3911 912 3963 amatoria
929 3908 965 3962 ad
983 3907 1121 3962 heroicam
1139 3910 1235 3976 poesin
1252 3907 1356 3961 factum

245 3993 291 4043 toti
309 3994 403 4045 cantui
421 3990 534 4045 subesse
552 3991 626 4046 dicit.

328 4077 350 4141 8)
368 4077 402 4129 cf.
421 4077 534 4130 Kolster
554 4095 581 4146 p.
602 4083 657 4130 129.
694 4094 776 4148 quam
803 4082 894 4131 autern
919 4077 1047 4132 Placbius
1069 4078 1087 4132 l.
1104 4078 1121 4130 l.
1142 4082 1191 4131 634
1214 4075 1278 4129 huic
1297 4076 1356 4130 loco

246 4159 352 4214 subesse
375 4161 463 4217 voluit
486 4165 663 4216 sententiam:
688 4180 780 4217 amore
798 4166 915 4216 maxime
932 4162 1036 4216 factum
1055 4180 1114 4216 esse
1132 4168 1163 4216 ut
1181 4162 1278 4216 Gallus
1295 4168 1356 4230 poe·-

247 4246 297 4299 tica
314 4245 396 4301 laude
413 4246 534 4308 floreret,
561 4265 595 4302 ea
612 4265 673 4302 cum
693 4248 815 4302 Hesiodo
833 4249 868 4302 ad
888 4248 1048 4301 imitandum
1068 4248 1107 4300 illi
1124 4250 1265 4316 proposito
1283 4247 1356 4299 haud

247 4334 379 4385 convenit.
