3194 4996
690 368 903 430 ,43-

239 540 325 618 isset,
348 537 554 602 dubitandum
576 559 641 602 non
664 543 712 601 est
734 538 810 618 quiu
832 537 979 602 bucolica
1001 558 1192 619 componere
1210 540 1353 604 carmina

241 643 304 704 iam
327 641 483 704 desiturus
506 641 636 724 fuerit.¹)

326 742 416 820 Quod
441 746 468 807 si
490 745 604 808 ceteris
627 743 773 809 omnibus
795 743 954 824 posterior
975 742 1055 806 haec
1077 743 1189 827 ecloga
1207 743 1353 809 habenda

241 852 302 924 est,
331 868 395 911 non
422 853 529 928 potest
557 853 630 910 ante
659 867 776 910 annum
795 848 866 909 ’115
895 850 967 909 orta
992 866 1074 926 esse,
1103 867 1197 928 quem
1220 854 1352 913 octavae

240 949 371 1031 eclogae
400 970 515 1013 annum
544 970 641 1031 supra
668 950 917 1031 cognoverimus.
962 968 1056 1030 quem
1076 949 1162 1013 ultra
1184 952 1353 1015 terminum

241 1072 281 1114 ne
311 1053 343 1114 in
375 1051 510 1115 alteram
536 1058 660 1133 partem
688 1053 887 1134 egrediamur
914 1053 1194 1132 grammaticorum
1224 1053 1354 1118 obstant

241 1155 438 1234 testimonia,
464 1156 525 1218 uisi
551 1159 731 1237 temporum
758 1155 881 1218 indiciis
909 1155 941 1216 in
963 1155 1032 1237 ipso
1055 1155 1195 1218 carmine
1217 1157 1352 1237 repertis

240 1257 320 1320 haec
351 1257 454 1321 refelli
484 1257 687 1321 statuendum
719 1261 775 1321 est.
819 1256 961 1321 versibus
993 1257 1078 1320 enim
1105 1260 1146 1321 23
1169 1278 1214 1339 sq.
1243 1261 1283 1321 46
1307 1280 1352 1340 sq.

240 1360 370 1442 Lycoris
386 1360 478 1425 Gallo
497 1360 609 1424 relicto
633 1366 668 1423 ut
690 1359 823 1424 militem
846 1361 953 1424 nescio
969 1380 1063 1442 quem
1079 1366 1265 1442 sequeretur
1281 1382 1353 1425 cum

242 1464 382 1526 exercitu
399 1463 495 1545 Alpes
516 1468 715 1545 transgressa
737 1483 806 1527 esse
823 1463 946 1526 dicitur.
984 1463 1087 1545 ipsum
1102 1467 1209 1528 autem
1226 1463 1353 1529 Gallum

242 1586 280 1628 ex
306 1565 449 1630 versibus
477 1567 518 1628 44
540 1587 586 1646 sq.
610 1570 746 1648 apparet
771 1564 856 1628 bello
885 1564 991 1646 aliquo
1019 1565 1133 1631 Italico
1158 1567 1289 1630 retineri
1312 1605 1353 1613 -

242 1688 377 1749 namque
404 1668 517 1750 procul
548 1689 568 1731 a
598 1669 703 1750 patria
734 1676 875 1732 amatam
905 1667 1045 1748 puellam
1073 1667 1188 1750 degere
1216 1689 1353 1751 conque·

242 1771 321 1834 ritur
338 1776 426 1835 -et
449 1770 589 1834 adversis
610 1770 754 1836 hostibus
777 1771 808 1832 in
828 1770 896 1833 acie
913 1771 1119 1834 oonst'tutum
1135 1791 1212 1835 esse.
1257 1776 1353 1854 atque

243 1873 399 1936 Gallicum
434 1872 553 1936 bellum
589 1872 630 1936 ad
662 1873 746 1954 quod
777 1873 907 1956 Lycoris
943 1872 1088 1954 profecta
1119 1879 1203 1936 esset
1233 1873 1352 1937 nullum

243 1976 346 2056 aptius
373 1977 448 2038 viris
475 1976 578 2039 doctis
605 1976 706 2039 visum
734 1980 783 2039 est
805 1995 900 2056 qnam
922 1975 1211 2057 praeclarissimum
1233 1975 1309 2039 illud
1333 1998 1353 2039 a

243 2079 283 2140 Μ.
299 2079 441 2161 Agrippa
462 2084 585 2160 gestum
609 2083 641 2141 et
662 2078 797 2142 victoria
819 2078 885 2140 eius
903 2078 1093 2158 Aquitanica
1115 2078 1351 2160 nobilitatuml)

243 2201 344 2262 neque
367 2181 427 2244 hoo
448 2190 569 2244 temere
593 2180 633 2244 ab
656 2180 718 2243 illis
740 2181 879 2262 positum
902 2201 970 2244 esse
986 2180 1214 2244 contenderim:
1239 2202 1349 2262 quam-

242 2303 338 2364 quam
360 2305 423 2347 non
446 2285 548 2347 minus
571 2290 645 2365 apte
668 2283 707 2347 de
728 2282 873 2347 Caesaris
895 2283 1007 2346 itinere
1030 2284 1192 2347 1111111
1215 2282 1352 2349 Gelliam

241 2385 327 2450 11110
351 2387 484 2468 cogitari
499 2385 690 2450 Ribbechins
714 2384 978 2468 (Ρ101.10)11111
1000 2387 1132 2451 monuit.
1170 2386 1255 2467 quod
1277 2407 1352 2450 vero

240 2489 361 2571 insigne
378 2490 537 2571 Agrippae
560 2489 679 2552 factum
703 2509 766 2569 quo
788 2487 840 2551 ille
865 2488 1020 2552 secundus
1041 2489 1256 2553 Romanorum
1272 2489 1353 2553 Rhe·

240 2613 316 2654 num
338 2592 466 2654 traiecit
488 2592 559 2671 (Dio
583 2593 715 2654 XLVIII
738 2592 791 2673 49)
814 2589 984 2673 frigoribus
1007 2590 1109 2654 Rheni
1132 2594 1242 2673 (1.11)
1265 2593 1354 2671 tangi

241 2700 355 2775 putant
377 2693 623 2776 haudquaquam
645 2692 721 2756 mihi
743 2692 967 2774 probaverunt.
1019 2714 1093 2756 narn
1115 2694 1239 2757 etiamsi
1261 2693 1353 2757 nihil-

242 2795 316 2859 dum
343 2796 381 2858 de
405 2796 466 2860 hoc
488 2796 574 2860 11110
597 2796 707 2861 Gallus
729 2799 929 2876 compertum
951 2794 1111 2875 habuerit,
1142 2795 1195 2859 nbi
1217 2797 1354 2877 primum

242 2900 414 2961 exercitum
442 2899 474 2960 in
498 2898 738 2980 Transalpinam
761 2896 898 2962 Galliam
927 2897 1144 2978 profecturum
1166 2898 1354 2981 Lycoridem

242 3002 426 3064 comitatam
459 3021 527 3064 esse
561 3003 722 3083 cognovit,
754 3001 793 3064 de
825 2999 979 3064 eiusmodi
1011 2999 1106 3064 rebus
1139 3000 1249 3083 quales
1282 3006 1355 3064 sunt

241 3105 328 3167 nives
348 3103 476 3185 Alpium
499 3108 532 3166 et
555 3103 674 3184 frigora
694 3102 800 3168 Rheni
823 3124 894 3168 eum
917 3102 1072 3183 timuisse,
1095 3108 1206 3186 utpote
1228 3103 1354 3186 puellae

242 3208 501 3285 amantissimum,
525 3213 771 3271 consentaneum
795 3205 878 3287 est.³)
911 3225 950 3267 ex
972 3204 1040 3285 ipso
1063 3211 1171 3269 autem
1194 3207 1354 3288 Agrippae
1445 3239 1450 3249 ·

241 3309 326 3374 bello
349 3309 381 3372 id
404 3308 505 3371 solum
529 3310 702 3390 Appianus‚
725 3309 779 3390 qni
801 3308 913 3372 harum
937 3327 1043 3371 rerum
1066 3311 1202 3372 maxime
1225 3308 1355 3372 idoneus
1416 3364 1417 3368 ,

242 3418 354 3476 auctor
382 3418 443 3490 est,
471 3432 528 3474 nos
556 3411 650 3476 docet
677 3411 808 3494 (11.1
833 3412 894 3493 92.)
916 3411 1062 3474 nuntium
1084 3412 1236 3475 victoriae
1259 3413 1355 3492 Aqui-

240 3515 367 3577 tanicae
385 3519 558 3578 auctumno
574 3514 648 3577 anni
666 3515 726 3576 116
743 3512 783 3577 ad
800 3514 969 3577 Caesarem
983 3512 1120 3577 relatum
1137 3533 1214 3577 esse.
1247 3514 1356 3596 quidni

331 3755 351 3819 1)
369 3771 457 3823 nequo
475 3752 545 3806 hanc
564 3754 687 3822 eclogam
705 3755 872 3808 levissimam
890 3769 908 3805 a
926 3751 1008 3821 Verg.
1021 3749 1143 3805 habitam
1161 3768 1222 3806 esse
1240 3753 1355 3823 ideoque

240 3843 270 3892 in
291 3838 346 3893 fine
369 3843 489 3893 onmium
512 3841 629 3907 positam
652 3839 724 3909 quod
743 3838 872 3892 Flachius
894 3842 932 3906 (p.
952 3838 1012 3902 198)
1035 3839 1133 3890 statuit
1154 3855 1215 3890 cum
1234 3840 1355 3907 impenso

240 3942 309 3994 erga
326 3925 436 3979 Gallum
455 3941 547 3979 amore
565 3931 601 3990 (v.
620 3930 688 3993 2sq.
707 3928 739 3976 72
752 3929 804 3994 sq.)
823 3923 963 3977 conciliari
980 3927 1078 3991 potest.
1115 3922 1152 3975 cf.
1170 3925 1253 3976 etiam
1272 3923 1355 3992 Przy-

239 4011 470 4082 ffmmm

330 4097 350 4164 ἓ)
369 4115 394 4151 v.
412 4101 521 4165 praeter
540 4096 698 4162 Martinum,
716 4095 864 4163 Heynium,
883 4093 1018 4161 Vossium,
1037 4089 1225 4162 Ladewigium
1244 4093 1356 4152 Volker,

239 4183 284 4236 De
303 4182 385 4237 Corn.
405 4182 479 4235 Galli
498 4183 555 4236 vita
578 4187 606 4235 11
628 4180 769 4250 seriptisI
791 4198 817 4249 p.
834 4185 876 4232 25.
913 4179 1076 4248 Nettleship,
1094 4179 1164 4232 Ano.
1183 4179 1252 4234 lives
1269 4198 1294 4248 p.
1314 4184 1355 4231 48.

238 4268 328 4322 Seuer
345 4286 371 4336 p.
387 4272 444 4320 134.

330 4353 403 4418 3)11,
423 4351 647 4417 1111111111,Ρ1·01,
670 4357 708 4403 ie.
