3194 4996
593 409 633 414 .,,
680 372 719 432 47
764 409 806 414 ..-

144 538 279 602 maxime
303 539 524 618 elegiacorum,
547 538 708 604 timoribus
730 541 940 603 inveniuntur.
983 540 1043 604 hoc
1066 545 1172 604 tamen
1195 562 1255 623 pro

144 645 232 704 certo
260 640 418 704 affirmare
444 640 559 704 ausim:
587 642 705 705 nemini
720 712 722 717 ⁴
736 646 850 725 potitae
878 641 966 705 illam
993 663 1021 706 a.
1044 645 1105 708 728
1128 642 1256 724 dignam

145 765 213 806 esse
249 744 347 806 visam
383 743 472 806 cuius
490 764 491 768 ¹
507 764 651 807 amorum
683 743 767 808 vices
799 744 937 808 carmine
968 746 1255 828 persequeretur,¹)

144 845 258 908 nedum
281 849 406 909 mortue
429 845 491 908 iam
513 845 605 910 Gallo
625 845 756 927 Vergilii
776 847 949 928 quidquam
970 847 1151 911 interfuerit
1172 846 1255 911 eolo*

144 970 217 1029 gam
240 969 329 1012 suam
351 969 371 1011 a
393 947 546 1031 Lycoride
570 949 640 1030 legi.

230 1052 364 1115 Prorsus
396 1045 503 1114 autem
539 1050 704 1115 aberrasse
736 1072 756 1114 a
785 1071 860 1115 vero
891 1051 1067 1134 Schaperus
1098 1051 1257 1135 putandus

144 1157 192 1216 est
216 1173 288 1215 curn
316 1171 355 1214 ex
381 1153 426 1215 eis
449 1173 531 1234 quae
557 1153 590 1216 in
612 1153 731 1216 Donati
745 1171 746 1175 ’
762 1154 828 1217 vita
850 1154 948 1218 Servii
971 1153 1170 1236 aliorumque
1192 1154 1256 1216 fru-

145 1255 234 1318 stuh's
263 1255 479 1319 contaminata
509 1255 585 1319 olim
608 1255 796 1337 legebantur
818 1255 936 1319 verbis:
964 1257 1092 1338 ,Ecloga
1113 1256 1152 1319 X.
1175 1255 1256 1319 desi-

145 1357 267 1420 derium
282 1357 367 1421 Galli
387 1358 538 1421 continet‘
559 1365 703 1423 nostram
719 1358 862 1440 eclogam
877 1358 918 1422 ad
935 1358 1125 1423 desiderium
1140 1357 1258 1423 mortui

145 1458 230 1524 Galli
253 1459 491 1540 exprimendum
514 1461 665 1542 scriptam
689 1481 758 1524 esse
781 1459 910 1541 collegit
932 1460 1046 1544 (Flcclc
1070 1465 1150 1525 Arm.
1176 1464 1256 1525 1864

144 1585 173 1645 p.
198 1565 268 1626 772.
312 1563 371 1625 De
392 1561 449 1625 ecl.
477 1563 572 1644 Verg.
600 1557 765 1644 interpret.
793 1585 822 1644 p.
846 1565 909 1646 43).
954 1562 1034 1627 haec
1066 1563 1150 1627 enim
1181 1561 1258 1626 nihil

147 1664 232 1729 aliud
257 1663 434 1746 significare
461 1685 557 1745 quam
584 1664 745 1745 ,sollicitos
767 1665 851 1729 Galli
879 1672 1013 1731 amores‘
1044 1687 1083 1730 ex
1113 1665 1257 1730 codicum

145 1769 351 1832 Bernensium
374 1765 631 1849 inscriptionibus
654 1773 795 1849 apparet,
819 1788 900 1849 quae
923 1768 972 1847 ,de
994 1768 1151 1832 desiderio
1174 1766 1258 1832 Galli

146 1865 231 1928 circa
241 1863 445 1932 Volumniam
455 1868 655 1952 Cytheridem
670 1870 881 1935 meretricem'
894 1875 1023 1952 poetam
1037 1869 1126 1952 loqui
1141 1869 1256 1932 dicunt.
1323 1903 1328 1909 ·

146 1967 177 2030 in
200 1969 333 2033 eandem
356 1972 546 2035 sententiam
569 1971 648 2035 haec
671 1971 783 2054 ecloga
804 1972 845 2036 ab
867 1974 1035 2038 Ammiano
1059 1973 1162 2051 (XVII
1180 1976 1209 2051 4,
1226 1972 1257 2053 5)

145 2070 247 2153 accipi
273 2073 411 2153 videtur,
439 2095 458 2137 a
484 2094 547 2155 quc
576 2073 722 2138 tradatur
744 2075 870 2138 Gallum
893 2075 980 2154 ,flens
1003 2076 1141 2158 quodam
1163 2074 1257 2139 modo

98 2243 104 2253 ¹
145 2173 176 2235 in
199 2179 362 2254 postrema
377 2175 601 2240 Bucolicorum
621 2181 713 2257 parte
729 2177 886 2258 Vergilius
907 2180 1046 2242 carmine
1064 2179 1127 2241 leni
1143 2178 1257 2240 decan-

146 2280 248 2340 tasset
292 2299 430 2360 namque
458 2299 521 2342 non
550 2279 715 2342 interitum
738 2278 823 2343 Galli
849 2279 981 2360 luxisse,
1010 2280 1048 2344 de
1075 2301 1139 2362 quo
1162 2277 1256 2361 paulo

146 2386 220 2444 ante
243 2380 380 2462 scriptor
402 2382 578 2461 rettulerat,
601 2381 657 2446 sed
679 2381 718 2444 de
741 2381 848 2464 aliqua
863 2382 929 2445 eius
946 2402 1024 2445 cura
1039 2382 1100 2447 hoc
1117 2383 1257 2446 carmine

146 2487 335 2565 conquestus
359 2504 427 2547 esse
449 2484 567 2547 Noster
589 2483 711 2546 dicitur.

230 2585 416 2668 Improbata
450 2585 547 2667 igitur
582 2585 733 2668 Schaperi
770 2587 1044 2668 argumentatione
1075 2583 1254 2650 Cornelium

146 2686 271 2752 Gallum
299 2709 318 2752 a
344 2687 512 2771 Cytheride
539 2688 636 2751 mima
663 2687 824 2751 desertum
852 2688 913 2752 hac
943 2689 1054 2770 ecloga
1084 2688 1124 2752 ab
1156 2685 1255 2752 effuso

145 2789 254 2854 dolore
280 2791 424 2856 revocari
451 2795 565 2854 statuo
611 2810 713 2872 neque
741 2789 914 2873 quidquam
942 2792 1095 2873 impedire
1123 2795 1257 2872 apparet

145 2893 311 2974 quominus
338 2915 366 2957 a.
388 2896 449 2956 715
473 2892 624 2957 Bucolica
651 2893 798 2957 confecta
824 2897 920 2974 atque
948 2893 1032 2958 edita
1059 2914 1128 2958 esse
1151 2893 1254 2956 existi-

144 3000 278 3058 mentur.

228 3098 341 3161 Restat
368 3102 403 3162 ut
431 3099 530 3163 totius
558 3097 780 3179 disputationis
808 3118 964 3162 summam
991 3097 1114 3183 faciam.
1159 3101 1256 3178 atque

144 3199 204 3264 boc
228 3200 355 3281 quidem
377 3202 440 3263 iam
464 3206 611 3265 constare
626 3208 704 3282 puto
719 3201 752 3264 in
768 3199 952 3264 definiendis
968 3200 1151 3282 eclogarum
1167 3200 1257 3263 annis

143 3304 226 3365 viam
249 3325 269 3366 a
284 3302 457 3368 ltibbeclrio
479 3304 591 3367 initam
615 3303 808 3384 sequendam
825 3324 902 3366 esse.
933 3324 1030 3385 aquo
1044 3304 1091 3366 ita
1105 3301 1257 3365 dissentio

144 3412 180 3468 ut
209 3426 319 3469 omnes
351 3427 433 3487 quae
465 3407 592 3488 quidem
624 3410 763 3469 aetatem
794 3405 927 3469 tulerint
957 3407 1084 3488 eclogas
1115 3405 1257 3470 Pollione

144 3514 275 3572 auctore
303 3515 390 3572 ortas
418 3529 486 3572 esse
509 3514 658 3572 statuam.
702 3528 805 3589 neque
828 3509 925 3590 igitur
947 3529 986 3571 ex
1008 3507 1070 3571 illis
1093 3528 1156 3571 una
1178 3506 1256 3571 alte·

142 3632 216 3674 rave
243 3611 307 3673 iam
335 3611 512 3691 composita
540 3631 620 3692 quae
649 3616 837 3691 supererant
858 3611 994 3674 triennio
1018 3610 1170 3690 scriptae,
1202 3609 1256 3673 sed

143 3734 251 3777 omnes
278 3713 374 3776 trium
397 3733 553 3776 annorum
576 3715 749 3795 (riu-15)
771 3713 875 3794 spatio
899 3713 1065 3776 confectae
1088 3732 1157 3775 esse
1180 3711 1257 3775 mihi

141 3814 294 3879 videntur.
338 3837 400 3896 quo
423 3836 462 3878 ex
484 3835 615 3880 numero
638 3815 818 3895 secundam,
840 3815 978 3893 tertiam,
1001 3814 1144 3895 quintam
1166 3815 1256 3878 Man·

140 3919 231 3981 tuani
253 3919 322 4000 agri
344 3917 577 3982 turbationibus
599 3919 719 4000 priores
748 3938 817 3981 esse
846 3920 987 4000 apparet.
1030 3936 1133 3998 neque
1161 3918 1255 3998 septi·

231 4089 249 4154 ¹)
268 4104 331 4140 nam
354 4088 426 4158 quod
450 4088 564 4143 Ovidius
587 4090 660 4155 (Am.
679 4087 693 4140 I
712 4092 752 4154 15,
771 4092 816 4155 29)
838 4093 866 4142 et
883 4088 1018 4141 Martialis
1036 4087 1105 4141 VIII
1123 4092 1165 4155 73,
1184 4093 1199 4141 6
1217 4090 1257 4141 ita

140 4172 306 4241 Lycoridem
334 4173 475 4227 celebrant
496 4180 526 4227 ut
548 4173 622 4228 Galli
647 4173 755 4227 laudem
779 4173 814 4227 ab
837 4190 870 4226 ea
892 4174 1007 4227 maxime
1025 4172 1177 4242 profectam
1197 4190 1256 4227 esse
1283 4173 1288 4181 '

141 4259 236 4318 dicant
260 4257 407 4327 (Semper,
427 4260 512 4328 praef.
532 4264 677 4313 comment.
696 4259 805 4313 Bucol.⁷
823 4277 850 4328 p.
863 4257 926 4324 Vl),
949 4259 1052 4329 elegias
1070 4275 1142 4328 quae
1160 4259 1199 4312 illi
1217 4262 1256 4311 in·

141 4346 261 4414 scriptae
279 4347 342 4413 sint,
360 4360 415 4396 non
434 4344 612 4414 Cytheridem
630 4346 741 4398 mimam
759 4361 806 4398 eos
824 4343 983 4415 Intellegere
1002 4350 1124 4414 apparet.
