3194 4996
802 381 1017 442 „12-

352 552 463 617 laudes
486 553 541 634 qni
562 551 700 633 Vergilio
723 551 756 613 in
777 570 883 613 rerum
907 549 1061 631 angustiis
1084 570 1178 632 opem
1200 549 1384 633 tulissent.¹)
1408 568 1468 612 nec

352 655 442 719 video
466 675 522 717 cur
544 674 693 736 perverse
716 653 755 717 de
779 652 895 733 eclogis
915 651 1069 716 iudicasse
1086 673 1181 734 quam
1197 651 1299 715 minus
1315 655 1467 714 accurato

352 777 467 839 genere
491 756 616 820 dicendi
638 777 712 821 usos
736 775 804 819 esse
826 755 899 819 illos
915 755 1139 837 grammaticos
1155 759 1295 817 statuere
1310 752 1467 816 malimus.

351 879 488 941 namque
511 879 660 941 magnam
683 858 865 940 eclogarum
887 863 1012 940 partem
1027 857 1198 921 illustrium
1214 857 1352 920 virorum
1368 853 1467 918 laudi-

351 960 410 1025 bus
433 961 560 1026 omnino
584 981 693 1027 carere
715 960 788 1024 illos
809 961 974 1042 ignorasse
998 960 1067 1041 quis
1090 959 1222 1023 credat?
1252 958 1306 1040 qui
1333 963 1369 1021 ut
1392 977 1466 1021 eun·

352 1063 423 1127 dem
447 1084 516 1128 esse
539 1063 683 1129 ordinem
702 1062 872 1126 iudicarint
886 1083 949 1144 quo
965 1062 1094 1144 eelogae
1109 1060 1201 1126 nobis
1216 1060 1353 1125 traditae
1369 1065 1467 1142 atque

352 1187 414 1248 quo
446 1166 641 1248 compositae
675 1170 781 1230 essent
811 1169 935 1229 tantum
963 1164 1055 1229 abest
1076 1169 1112 1227 ut
1133 1164 1289 1227 incertum
1311 1183 1380 1226 esse
1403 1183 1466 1244 quo

353 1269 463 1333 ordine
497 1270 635 1352 scriptae
667 1269 730 1333 sint
756 1267 881 1331 Servius
904 1269 946 1351 (ΙΙ
968 1289 998 1349 p.
1022 1270 1062 1331 96
1086 1268 1132 1350 L.)
1155 1265 1271 1330 diserte
1294 1265 1465 1347 testetur)

350 1371 459 1453 itaque
481 1372 570 1436 vanis
592 1371 701 1434 nixum
724 1370 917 1452 argumentis
938 1369 1184 1452 Nettleshipium
1199 1367 1346 1432 reiecisse
1362 1388 1466 1450 gram·

351 1474 540 1538 maticorum
562 1473 748 1537 memoriam
772 1478 913 1555 apparet.

439 1573 539 1652 Quam
559 1596 598 1638 ne
621 1574 834 1658 Schaperus
857 1575 985 1657 quidem
1001 1579 1205 1639 contemnere
1225 1580 1281 1638 aut
1294 1573 1466 1656 infringere

351 1699 446 1743 ansus
470 1682 532 1742 est:
555 1678 610 1759 qui
632 1677 766 1742 alteram
783 1678 957 1742 Bucolicon
980 1677 1151 1741 editionem
1174 1677 1310 1741 triennio
1331 1697 1465 1759 eamque

352 1779 441 1844 annis
466 1782 613 1844 rar-29
636 1780 754 1844 factam
779 1800 846 1844 esse
870 1781 990 1844 statuit.
1032 1779 1140 1844 Servii·
1153 1783 1260 1843 autem
1282 1779 1464 1844 testimonio

351 1882 380 1966 (I
394 1904 425 1965 p.
444 1886 458 1945 1
477 1883 537 1966 ΒΡ)
561 1887 597 1946 nt
620 1883 659 1946 ad
677 1881 864 1946 firmandam
879 1904 968 1946 suam
984 1882 1174 1946 sententiam
1189 1886 1342 1962 uteretur,
1359 1902 1465 1946 emen-

352 1985 447 2048 dandi
477 1984 607 2049 verbnm
640 1985 825 2067 (scripsisse
854 1992 887 2050 et
913 1984 1120 2066 emendasse‘)
1148 1985 1195 2048 ita
1226 1983 1266 2048 ab
1294 1983 1348 2048 illo
1374 2005 1464 2048 usur·

350 2091 461 2168 patum
481 2107 549 2152 esse
565 2087 645 2151 dixit
659 2092 695 2150 ut
711 2087 750 2151 ad
765 2088 898 2152 iteratas
914 2087 1090 2151 carminum
1104 2087 1169 2151 iam
1192 2087 1348 2151 editorum
1372 2108 1465 2152 curas

350 2189 523 2252 referretur
546 2189 693 2272 (Symbol.
709 2190 865 2254 Joachim.
889 2212 918 2273 p.
936 2193 1014 2271 lib).
1036 2189 1068 2254 id
1085 2190 1168 2272 quod
1191 2211 1231 2253 ex
1253 2189 1465 2255 collocatione

351 2292 487 2355 maxime
509 2291 679 2356 verborum
702 2313 783 2374 quae
807 2298 880 2356 sunt
902 2293 940 2357 de
956 2293 1093 2357 Aeneide
1116 2296 1195 2372 (pec
1210 2291 1390 2356 emendavit
1405 2313 1464 2356 nee

352 2393 470 2478 edidit‘)
493 2394 541 2457 vir
563 2395 676 2458 doctus
699 2394 759 2459 sibi
780 2395 864 2460 visus
887 2402 936 2460 est
957 2395 1137 2476 indagasse:
1162 2395 1274 2476 quibus
1290 2395 1335 2459 sic
1350 2395 1464 2476 positis

351 2502 449 2579 negat
476 2495 545 2561 fieri
568 2518 660 2579 posse
683 2496 759 2579 quin
782 2519 801 2561 a
823 2497 943 2562 maiore
967 2498 1007 2562 ad
1031 2498 1132 2562 minus
1156 2497 1328 2561 descendat
1350 2497 1463 2562 oratio.

350 2603 568 2663 verumtamen
596 2599 682 2682 quod
711 2600 838 2663 aliunde
867 2621 994 2682 qnoque
1031 2603 1078 2682 (ut
1110 2620 1148 2663 ex
1179 2598 1330 2664 Suetonio
1358 2620 1387 2681 p.
1413 2604 1463 2680 60,

353 2705 391 2766 13
418 2701 470 2784 R.)
506 2701 645 2767 innotuit
675 2702 805 2767 Aeneidi
836 2724 992 2767 summam
1026 2723 1155 2766 manum
1186 2723 1251 2767 non
1281 2702 1463 2785 impositam

351 2825 420 2869 esse
449 2825 488 2868 ex
516 2804 587 2869 loco
615 2804 671 2869 illo
694 2805 842 2869 Serviano
876 2804 983 2886 colligi
1013 2826 1051 2870 eo
1083 2806 1183 2887 magis
1215 2810 1465 2870 consentaneum

351 2912 400 2970 est
426 2907 509 2989 qnod
536 2906 680 2972 comburi
706 2907 784 2971 illud
807 2928 949 2988 carmen,
982 2908 1058 2989 quia
1083 2932 1141 2971 non
1163 2912 1345 2973 emendatum
1369 2915 1463 2988 esset,

349 3013 447 3091 poeta
468 3008 585 3074 ibidem
607 3015 757 3074 narratur
778 3010 905 3074 iussisse
931 3013 1028 3090 (ande
1051 3031 1122 3074 earn
1141 3011 1279 3076 moriens
1299 3011 1465 3093 praecepit

348 3111 530 3194 incendit)
573 3111 633 3176 hoc
665 3116 740 3194 apte
768 3111 920 3194 explicari
946 3133 1009 3178 non
1036 3117 1145 3195 potest
1170 3113 1231 3177 nisi
1257 3113 1365 3178 limam
1395 3134 1464 3178 car-

438 3248 457 3311 ¹)
476 3265 543 3317 quos
566 3249 620 3301 iam
647 3249 758 3302 ineunte
779 3266 851 3302 anno
870 3253 920 3302 713
939 3266 956 3302 a
972 3254 1055 3318 poe'ta
1080 3254 1173 3303 nostro
1200 3249 1327 3304 laudibus
1354 3255 1465 3304 ornatos

351 3348 410 3386 esse
437 3349 498 3385 cum
523 3333 646 3387 Suetonii
663 3333 755 3388 verbis
773 3335 872 3403 optime
891 3336 1038 3389 convenire
1055 3335 1164 3390 Kranae
1182 3353 1208 3404 p.
1223 3341 1254 3388 13
1273 3335 1399 3403 ostendit,
1418 3337 1465 3404 qui

352 3434 407 3470 non
429 3419 571 3471 restitutos
592 3435 685 3489 agros,
709 3420 756 3472 sed
774 3419 929 3474 indemnem
947 3420 1084 3474 redditum
1102 3425 1212 3490 poetam
1229 3420 1465 3490 suscipiendorum

351 3501 540 3556 Bucolicorum
557 3520 667 3557 causam
686 3504 741 3557 illic
758 3505 813 3558 dici
831 3510 949 3559 moneat.

441 3587 462 3655 ⁹)
482 3587 516 3642 cf.
536 3590 616 3643 etiam
645 3589 751 3644 Probus
776 3608 802 3659 p.
823 3595 846 3658 6,
866 3596 880 3644 9
899 3590 938 3643 K:
968 3622 999 3630 —
1027 3590 1165 3658 ‚Bucolica
1191 3592 1307 3661 scripsit,
1335 3591 1383 3646 sed
1408 3607 1466 3645 non

352 3674 447 3727 eodem
466 3674 560 3729 ordine
579 3675 736 3745 ediditque
754 3675 878 3745 scripsit!

440 3760 460 3826 ⁸)
475 3785 499 3804 =
514 3760 677 3830 Nettleship.
687 3765 732 3814 22:
752 3761 839 3828 ,Tunc
857 3763 882 3814 ei
892 3762 1036 3831 proposuit
1046 3761 1134 3815 Pollio
1146 3767 1177 3815 ut
1189 3779 1299 3816 carmen
1310 3762 1464 3816 bucolicum

351 3844 492 3913 scriberet,
510 3846 584 3915 qnod
602 3863 664 3901 eum
683 3851 791 3901 constat
808 3848 925 3900 triennio
937 3848 1076 3917 scripsisse
1089 3853 1115 3900 et
1127 3847 1286 3901 mendasse.
1316 3848 1386 3902 Item
1403 3865 1465 3917 pro·

350 3932 441 3999 posuit
458 3930 605 3985 Maecenas
618 3931 763 4002 Georgica,
776 3949 846 4002 quae
857 3933 967 4001 scripsit
978 3926 1245 4004 emendanitqaellll
1258 3934 1344 3986 annis.
1363 3932 1466 3987 Postea

352 4013 388 4067 ab
398 4013 525 4084 Augusto
534 4014 686 4069 Aeneidem
705 4016 872 4085 propositam
891 4016 1000 4085 scripsit
1017 4017 1095 4069 annis
1114 4015 1163 4083 XI,
1183 4016 1231 4070 sed
1248 4035 1296 4069 aec
1314 4015 1467 4070 emendavit

351 4118 398 4152 nec
415 4099 514 4163 edicta
532 4101 605 4154 unde
623 4118 683 4155 eam
703 4102 820 4154 moriens
837 4103 978 4173 praecepit
995 4102 1122 4156 incendi‘.

438 4185 459 4252 ⁴)
478 4184 513 4240 cf.
531 4187 613 4239 etiam
632 4203 703 4256 qnae
721 4187 842 4255 proxime
861 4192 1021 4256 sequuntur:
1042 4186 1192 4257 ‚Arrgustns
1210 4204 1284 4255 vero,
1303 4203 1338 4241 ne
1356 4192 1465 4240 tantum

351 4286 419 4338 opus
437 4271 547 4339 periret,
565 4270 687 4324 Tuccam
705 4275 733 4325 et
750 4270 864 4324 Varium
881 4270 932 4324 hac
951 4271 1011 4342 lege
1029 4273 1108 4324 iussit
1125 4271 1271 4326 emendare
1284 4277 1315 4325 ut
1326 4270 1467 4341 superflua

352 4355 501 4424 demerent,
519 4356 585 4409 nihil
603 4358 736 4411 adderent
753 4359 854 4411 tamen‘
874 4358 901 4424 (l.
920 4357 937 4411 l.
957 4375 982 4426 p.
1002 4361 1055 4424 23).
