3194 4996
831 356 1044 417 -48-

379 540 477 603 mam,
509 543 573 605 qua
601 524 729 606 quidem
756 544 807 588 res
833 524 918 588 illins
945 525 1059 588 aetatis
1088 524 1216 588 minime
1238 530 1424 606 tangantur,
1452 524 1493 588 ab

378 626 610 707 antiquioribus
655 625 773 708 eclogis
812 624 1037 706 seiungendum
1078 647 1201 691 censeo.
1251 626 1300 690 his
1340 626 1493 691 confectis
1533 627 1535 633 ’

373 734 477 812 primo
504 735 625 793 aestate
650 731 724 793 anni
749 731 823 807 713,
852 748 914 809 quo
937 732 1082 811 tempore
1104 731 1222 818 Noster
1243 750 1324 793 unus
1346 731 1491 794 Mantua·

299 856 303 863 ·
379 851 493 895 norum
515 831 747 896 immunitatem
770 831 839 912 agri
860 832 1071 912 impetrasset,
1094 857 1172 895 oona
1191 853 1263 895 cum
1280 837 1392 896 exorto
1407 831 1492 896 bello

378 934 531 997 Perusino
563 933 727 1014 praedium
760 933 819 997 sibi
851 937 995 1015 ereptum
1024 933 1156 998 vidisset
1185 934 1242 998 sub
1274 933 1393 997 exitum
1425 934 1492 998 eius

378 1037 452 1100 anni
483 1035 692 1100 existimanda
721 1039 770 1100 est
798 1041 870 1099 orta
898 1056 976 1099 esse.
1020 1035 1109 1100 exsul
1136 1035 1248 1102 deinde
1275 1040 1372 1117 poeta
1397 1035 1491 1100 buco·

377 1138 472 1201 licam
499 1138 610 1221 podsin
637 1158 710 1202 cum
732 1137 855 1220 aliquot
883 1158 1005 1202 menses
1028 1158 1175 1203 exercere
1197 1137 1356 1219 desiisset,
1383 1159 1492 1201 rursus

283 1261 284 1264 ¹
380 1239 486 1305 colere
509 1241 614 1322 coepit
628 1240 661 1304 in
675 1240 834 1323 integrum
850 1241 1015 1304 restitutus
1029 1247 1199 1306 auctumno
1216 1242 1289 1305 anni
1306 1243 1367 1304 714
1383 1251 1492 1325 quarto

378 1341 490 1423 ecloga
522 1342 562 1406 ad
598 1342 775 1407 Pollionem
807 1343 969 1408 consulem
1000 1354 1144 1425 sertaque
1183 1344 1224 1408 ad
1252 1345 1371 1410 Varum
1406 1342 1492 1425 agris

380 1439 556 1508 dividundis
578 1445 776 1527 praefectum
798 1446 911 1509 missis.
955 1445 1133 1527 insequenti
1155 1445 1267 1519 deinde
1290 1467 1373 1511 anno
1395 1445 1491 1528 insig-

377 1545 470 1610 nibus
498 1546 633 1611 duorum
659 1547 848 1626 amicorum,
880 1547 980 1611 Asinii
1002 1547 1153 1612 Pollionis
1179 1552 1212 1612 et
1238 1548 1375 1614 Cornelii
1397 1547 1491 1628 Galli,

378 1648 453 1713 fatis
489 1648 530 1713 ad
561 1650 796 1731 componendas
828 1649 956 1733 eclogas
987 1650 1139 1732 impulsus
1171 1656 1228 1714 est.
1278 1673 1413 1734 quorum
1443 1651 1491 1720 illi

378 1751 490 1816 victori
513 1773 553 1815 ex
567 1751 675 1834 Illyria
697 1751 806 1815 reduci
824 1765 966 1831 octavam,
990 1752 1062 1816 huic
1077 1753 1118 1817 ab
1133 1758 1241 1818 amata
1255 1753 1362 1834 puella
1376 1754 1490 1819 relicto

377 1857 520 1917 decimam
543 1854 659 1919 obtulit
681 1853 833 1934 eclogam.
