3194 4996
819 388 832 392 ,
890 352 937 414 46
982 389 1017 394 .-

448 518 539 581 Aliud
562 520 686 583 accedit
705 525 926 599 argumentum
946 541 1008 600 quo
1027 519 1153 584 Gallum
1169 520 1333 583 etiamtum
1349 519 1381 581 in
1397 520 1474 584 vivis

361 621 457 686 fuisse
480 643 543 703 quo
565 626 709 702 tempore
732 621 844 702 ecloga
865 628 975 686 nostra
997 621 1251 687 conscriberetur
1271 622 1474 703 perspicuum

361 722 431 787 fiat:
455 723 576 786 scilicet
599 723 684 805 quod
707 744 746 787 ea
767 744 858 805 ‚quae
880 723 967 803 legat
989 725 1058 805 ipsa
1072 725 1211 808 Lycoris?
1235 729 1273 804 (v.
1290 725 1322 805 2)
1346 743 1380 786 se
1399 743 1473 786 can·

361 831 502 890 laturum
534 847 602 895 esse
629 827 746 890 Noster
775 825 951 908 profitetur.
1000 847 1073 890 nam
1102 828 1167 891 sive
1194 825 1226 890 id
1254 827 1410 907 spectavit
1438 830 1475 890 ut

361 947 431 991 eam
446 929 625 1009 poeniteret
639 927 789 1010 perfidiae
805 930 869 993 sive
884 950 947 991 non
963 930 1127 1011 spectavit,
1144 934 1231 993 certe
1248 929 1331 993 illius
1347 928 1473 1011 puellae

361 1028 467 1110 aliquo
499 1030 593 1096 modo
624 1032 780 1096 rationem
811 1030 990 1095 habendam
1022 1051 1089 1097 esse
1121 1031 1218 1096 duxit.
1262 1037 1359 1113 atque
1390 1030 1474 1095 hauc

361 1132 495 1197 eandem
522 1134 618 1197 fuisse
645 1153 682 1196 ac
705 1132 905 1215 Cytheridem
928 1135 1125 1199 notissimam
1146 1135 1289 1214 mimam,
1313 1133 1475 1198 Volumnii

360 1234 526 1315 Eutrapcli
555 1235 704 1299 libertam
737 1236 787 1318 (cf.
815 1236 885 1301 Cio.¹
905 1237 946 1300 ad
972 1237 1187 1317 1111111126,
1211 1239 1243 1319 2)
1276 1256 1315 1299 ex
1345 1234 1474 1300 scholiis
1552 1305 1554 1308 ,

361 1335 550 1420 Philargyrii
583 1343 615 1402 11
646 1339 745 1402 Servii
777 1339 964 1420 (1111111111)
1014 1360 1110 1420 quam
1144 1340 1203 1403 etsi
1234 1339 1314 1404 falso
1347 1339 1474 1405 Servius

360 1437 460 1501 refert
486 1451 604 1521 ,spreto
627 1440 728 1506 Gallo‘
756 1442 799 1506 M.
820 1442 991 1506 Antonium
1019 1441 1052 1505 in
1075 1440 1195 1506 Gallias
1223 1445 1366 1506 secutam
1393 1454 1474 1520 esse,

360 1545 468 1603 tamen
495 1563 578 1607 anno
604 1545 664 1607 705
692 1564 763 1606 curn
791 1543 852 1606 boo
878 1544 1007 1608 tribuno
1029 1543 1130 1626 plebis
1152 1544 1193 1608 ad
1216 1543 1360 1610 Caesaris
1384 1563 1473 1607 exer-

361 1644 458 1706 citum
486 1643 642 1709 Gallicum
670 1666 704 1708 se
732 1646 901 1710 contulisse
928 1646 1037 1711 Cicero
1065 1645 1098 1708 in
1124 1645 1373 1728 Philippicarum
1400 1666 1473 1711 ora

360 1746 481 1809 tionum
513 1746 616 1811 altera
646 1750 750 1831 (158)
778 1748 1043 1830 locupletissimus
1075 1749 1197 1813 exstitit
1226 1749 1325 1812 testis,
1370 1769 1474 1830 neque

360 1853 492 1929 propter
519 1848 620 1914 levem
643 1851 744 1914 Servii
772 1872 913 1914 errorem
942 1873 1004 1932 quo
1028 1850 1203 1934 Cytheridis
1226 1870 1369 1914 amorum
1397 1872 1473 1916 con·

360 1949 477 2014 fuderit
499 1958 644 2033 tempora
665 1956 767 2016 totam
784 1953 868 2018 illius
883 1953 1099 2017 narrationem
1113 1952 1309 2017 reiciendam
1324 1953 1473 2035 putarim,

360 2073 400 2116 ex
426 2073 489 2134 qua
513 2053 624 2118 eadem
645 2053 753 2136 puella
775 2063 807 2119 et
829 2055 921 2120 Gallo
945 2054 1040 2119 fidem
1063 2055 1192 2120 laesisse
1216 2061 1249 2119 et
1271 2055 1311 2119 ab
1333 2056 1473 2120 Antonio

359 2154 392 2216 in
414 2154 551 2219 Galliam
573 2156 712 2221 abducta
735 2177 803 2220 esse
826 2158 1073 2240 cognoscatur.²)
1118 2159 1160 2222 M.
1180 2179 1255 2223 vero
1271 2159 1398 2237 Brutus,
1422 2159 1474 2222 cui

361 2256 493 2321 eandem
524 2257 607 2322 hanc
632 2259 664 2322 in
692 2260 853 2327 amoribus
881 2261 977 2325 firisse
1005 2264 1118 2325 auctor
1140 2260 1179 2324 de
1202 2259 1276 2323 viris
1297 2259 1474 2325 illustribus

363 2362 400 2440 (c.
424 2363 475 2440 82)
505 2368 626 2441 narrat,
656 2383 726 2425 cum
756 2363 829 2426 inde
857 2363 897 2429 ab
925 2366 1031 2427 1703
1058 2362 1143 2426 felici
1171 2363 1374 2428 matrimonio
1398 2385 1473 2428 con-

360 2464 485 2527 iunctus
516 2463 612 2528 fuerit
643 2485 714 2528 eum
741 2471 800 2547 Ap.
824 2464 946 2530 Claudii
975 2464 1087 2549 filia,³)
1117 2465 1257 2529 dubitari
1283 2487 1347 2528 non
1368 2470 1477 2547 potest

338 2567 437 2649 'quin
459 2571 533 2630 anto
556 2566 617 2632 hoc
640 2572 765 2649 tempus
788 2589 858 2632 cam
881 2568 1042 2632 amaverit.
1076 2589 1173 2650 quam
1187 2567 1285 2631 talem
1300 2568 1475 2649 mulierem,

362 2692 443 2754 quae
466 2676 533 2734 tam
556 2669 610 2734 diu
633 2691 703 2733 cum
726 2670 796 2735 aliis
819 2692 961 2736 amorem
983 2671 1186 2751 exercuisset,
1210 2672 1315 2735 1715
1339 2692 1359 2735 a
1381 2670 1475 2736 Gallo

361 2779 501 2836 amatam
529 2793 597 2839 esse
625 2795 687 2836 non
709 2794 802 2855 posse
824 2773 901 2837 nihil
924 2773 1050 2855 quidem
1074 2780 1122 2838 est
1145 2794 1200 2837 cur
1223 2778 1399 2838 statuamus
1423 2774 1474 2856 (cf.

361 2875 471 2941 Flach.
499 2877 519 2940 l.
549 2878 601 2959 1.),
634 2875 890 2959 quandoquidem
921 2876 1037 2941 similia
1067 2876 1099 2939 in
1131 2876 1266 2940 aliorum
1297 2880 1475 2957 poetarum,

453 3135 472 3199 1)
491 3132 611 3207 Philarg.
631 3133 665 3186 ad
689 3132 738 3186 ecl.
756 3131 784 3184 X
803 3136 844 3186 22.
880 3131 955 3190 Serv.
973 3133 1009 3187 ad
1028 3133 1077 3186 eol.
1095 3132 1123 3185 X
1141 3135 1178 3184 in.
1214 3130 1248 3185 of.
1267 3133 1350 3184 etiam
1374 3131 1408 3185 de
1425 3133 1475 3188 vir.

361 3221 430 3273 illo.
442 3224 475 3272 82
494 3224 521 3272 11
539 3217 644 3272 scholia
661 3218 721 3272 cod.
731 3217 803 3271 Med.
813 3217 849 3270 ad
862 3218 976 3273 ech2
996 3219 1068 3289 apud
1087 3218 1292 3287 Zangemeister
1310 3217 1475 3271 1111111111-

361 3305 440 3373 bach,
451 3305 583 3374 Exempla
592 3304 650 3358 eod.
661 3303 723 3356 Lat.
734 3321 759 3357 n.
772 3309 845 3356 11)-
856 3321 971 3372 quorum
981 3311 1097 3375 uterque
1105 3303 1182 3356 locus
1191 3319 1208 3356 a
1217 3300 1330 3356 Flachio
1340 3302 1475 3356 laudatur.

450 3391 471 3456 ⁴²)
489 3388 619 3444 Flachius
637 3391 654 3444 l.
668 3407 691 3443 c.
703 3408 730 3458 p.
744 3393 792 3442 794
810 3392 1004 3458 gravissimum
1023 3407 1082 3443 esse
1094 3393 1171 3442 ratus
1183 3388 1256 3458 quod
1269 3387 1380 3443 Servius
1391 3387 1477 3445 tradit

361 3475 527 3547 Lycoridem
547 3477 630 3530 Gallo
651 3481 739 3546 spreto
761 3476 796 3529 M.
816 3475 967 3529 Antonium
989 3479 1017 3529 in
1043 3475 1160 3529 Galliam
1188 3479 1310 3528 secutam
1337 3490 1397 3527 esse
1423 3473 1476 3528 hoc

361 3565 414 3615 nisi
432 3566 526 3615 exorto
545 3563 656 3614 ineunte
673 3559 731 3614 fere
750 3578 774 3614 1.
789 3566 836 3614 711
857 3561 928 3615 bello
941 3560 1092 3614 Mutinensi
1103 3566 1187 3630 negat
1198 3560 1302 3613 factum
1315 3575 1375 3612 esse
1386 3575 1475 3628 posse.

362 3665 397 3702 ne
415 3653 506 3701 autem
523 3645 630 3716 puellae
648 3664 665 3699 a
682 3645 789 3699 duobus
808 3649 862 3699 iam
881 3646 1009 3699 dimissae
1022 3645 1121 3700 Gallus
1139 3661 1230 3698 amore
1247 3649 1344 3713 captus
1355 3648 1476 3713 putetur,

361 3735 443 3787 aliam
463 3750 522 3787 esse
541 3731 718 3802 Cytheridem
737 3734 847 3784 mimam
866 3730 900 3785 ab
910 3732 1031 3784 Antonio
1050 3736 1077 3785 11
1095 3731 1190 3798 Bruto,
1209 3731 1289 3785 aliam
1309 3728 1475 3798 Lycoridem
1511 3786 1512 3790 ,

362 3824 484 3872 nostram
502 3817 613 3872 aGallo
631 3822 659 3872 11
670 3818 792 3870 Antonio
811 3821 930 3870 amatam
949 3818 1051 3870 statuit.
1081 3832 1136 3886 qua
1153 3818 1181 3868 in
1198 3832 1228 3869 re
1241 3832 1330 3886 neque
1341 3815 1476 3885 frigorum

362 3904 451 3958 Rheni
474 3903 530 3957 ulla
552 3902 669 3957 habetur
690 3905 774 3969 ratio,
797 3904 926 3972 quoniam
949 3917 974 3954 a.
988 3905 1035 3953 ‘Ill
1058 3900 1223 3969 Cisalpinam
1242 3900 1362 3954 Galliam
1380 3905 1475 3969 petere

362 3989 399 4043 M.
417 3988 554 4042 Antonius
577 4006 631 4041 non
654 3986 845 4058 ignorabatur,
869 3991 897 4039 et
919 3990 1047 4055 quattuor
1070 3987 1212 4038 auctorum
1240 3989 1287 4055 qui
1309 3985 1476 4056 Lycoridem

363 4075 436 4128 illam
461 4072 638 4143 Cytheridem
661 4073 827 4142 appellatam
850 4087 908 4124 esse
931 4071 1049 4124 doceant
1070 4070 1172 4124 ideirco
1195 4071 1377 4142 negleguntur
1399 4074 1475 4125 testi-

362 4161 455 4213 monia
472 4164 503 4211 ut
514 4161 718 4212 accuratissime
731 4157 856 4212 Servium
869 4156 903 4210 de
914 4154 1061 4225 Lycoridis
1073 4172 1195 4209 amorum
1208 4157 1378 4226 temporibus
1391 4162 1475 4210 rettu-

363 4245 428 4298 lisse
446 4243 590 4299 efficiatur.

452 4331 471 4397 3)
491 4330 526 4386 cf.
543 4328 638 4384 Flach.
656 4348 682 4398 p.
695 4333 753 4382 793.
