3194 4996
806 331 1020 392 „14-

442 500 585 582 Denique
609 503 684 568 Otto
708 498 941 564 Ribbeckius
969 521 1050 581 quae
1074 499 1112 563 de
1133 499 1290 564 incohatis
1313 499 1473 564 Bucolicis

359 607 391 665 et
413 623 496 684 quae
519 601 557 667 de
580 602 715 667 triennio
728 607 866 666 exstant
887 602 1068 666 testimonia
1091 602 1309 684 coniungenda
1333 623 1401 666 esse
1425 603 1473 667 in·

357 704 488 768 tellexit.
528 705 622 786 (Prol.
647 707 686 788 1.)
724 726 763 768 ex
792 705 905 786 quibus
926 705 1006 769 haec
1030 704 1148 770 effecit:
1171 704 1347 788 Vergilium
1368 706 1473 770 Buco-

357 806 420 871 lica
441 806 581 870 XXVIII
608 827 763 872 annorum
789 807 946 888 iuvenem,
974 808 992 871 i.
1017 829 1042 872 e.
1066 829 1148 872 anno
1174 810 1248 889 712,
1276 807 1370 872 edere
1400 828 1474 872 000-

358 909 442 990 pisse
482 908 694 990 incohataque
732 909 830 973 Asinii
864 910 1018 975 Pollionis
1055 931 1150 974 suasu
1179 911 1264 975 intra
1293 909 1474 990 triennium,

359 1011 389 1074 h.
413 1032 438 1075 e.
463 1012 553 1076 annis
577 1014 724 1077 713—15
747 1012 918 1094 perfecisse
941 1018 973 1076 et
996 1013 1189 1077 emendasse.
1226 1013 1258 1076 in
1281 1012 1343 1077 hac
1365 1017 1476 1077 tamen

360 1114 597 1195 computatione
619 1112 651 1175 id
673 1114 750 1177 mihi
773 1114 918 1196 displicet
940 1115 1025 1197 quod
1048 1135 1120 1180 eum
1143 1137 1260 1179 annum
1283 1136 1345 1196 quo
1366 1114 1475 1181 Buco-

361 1216 423 1280 lica
450 1215 544 1279 scribi
569 1221 684 1297 coepta
705 1217 768 1280 sint
790 1219 838 1281 vir
858 1217 911 1282 ille
935 1217 1136 1282 doctissimus
1158 1218 1295 1282 triennio
1319 1218 1477 1282 contineri

361 1319 482 1383 noluit·
516 1339 651 1399 namque
679 1325 715 1384 ut
741 1319 849 1401 aliqua
875 1321 942 1383 eius
964 1320 1088 1401 generis
1111 1319 1253 1384 carmina
1275 1320 1364 1401 prius
1388 1341 1476 1385 com·

361 1420 467 1503 posita
497 1421 560 1484 sint
591 1442 687 1503 quam
714 1422 816 1486 Pollio
845 1423 1007 1486 bucolicae
1038 1422 1144 1505 poesis
1173 1421 1327 1486 colendae
1354 1422 1475 1489 Nostro

362 1528 475 1587 auctor
502 1523 703 1607 exsisteret‚¹)
734 1545 836 1606 neque
867 1525 899 1587 in
930 1525 1119 1589 traditarum
1151 1524 1261 1588 decem
1293 1524 1477 1606 eclogarum

363 1647 494 1690 numero
516 1625 572 1689 illa
593 1626 776 1709 ponenda,²)
794 1648 895 1708 neque
918 1627 945 1690 si
966 1627 998 1690 in
1021 1627 1069 1690 his
1091 1631 1250 1709 ponantur
1273 1629 1379 1690 0112
1403 1633 1478 1692 orta

363 1728 510 1812 putarim.
555 1728 651 1793 immo
685 1729 857 1794 Bucolicon
889 1728 1016 1809 librum,
1049 1727 1151 1810 qualis
1182 1729 1309 1811 quidem
1340 1729 1477 1793 traditus

364 1833 413 1911 sit,
436 1829 580 1896 Pollione
603 1835 734 1896 auctore
756 1832 940 1895 incohatum
961 1835 1127 1912 totumque
1142 1832 1279 1895 triennio
1296 1831 1475 1896 confectum

365 1955 434 1998 esse
465 1954 504 1996 ex
530 1933 628 1997 Servii
659 1934 764 1998 verbis
791 1955 888 2016 supra
916 1933 1052 1997 laudatis
1082 1933 1157 1996 mihi
1184 1933 1292 1998 videor
1319 1932 1477 2015 colligere.

366 2057 500 2118 quorum
522 2035 584 2100 hoc
607 2077 648 2084 --
672 2037 710 2100 de
733 2037 889 2101 incohatis
912 2035 1055 2100 Pollione
1078 2041 1207 2099 auctore
1228 2035 1386 2100 Bucolicis
1406 2035 1478 2100 dico

366 2180 403 2189 —
423 2161 462 2204 ex
483 2139 560 2220 ipsis
583 2138 700 2220 eclogia
723 2139 924 2220 desumptum
947 2158 1016 2201 esse
1040 2142 1181 2219 apparel,
1205 2137 1236 2200 10
1253 2137 1366 2219 quibus
1382 2138 1478 2202 Polli·

367 2242 435 2304 onis
461 2241 566 2321 ‚iussu‘
592 2239 671 2304 haec
696 2242 849 2321 ,carmina
871 2245 994 2323 coepta‘
1019 2260 1087 2304 esse
1110 2239 1257 2304 dicantur
1280 2239 1367 2321 (VIII
1394 2241 1479 2324 10).³l

365 2343 531 2409 incohasse
555 2348 661 2405 autem
683 2343 835 2408 Bucolica
863 2364 926 2408 non
956 2363 982 2406 a.
1008 2344 1082 2421 712,
1116 2342 1171 2406 sed
1197 2342 1316 2408 iuvenis
1339 2341 1481 2408 XXVIII

367 2466 520 2509 annorum
538 2445 656 2508 Noster
678 2445 718 2509 ab
741 2446 877 2510 Asconio
900 2444 1048 2508 traditur:
1073 2466 1136 2526 qua
1158 2450 1228 2508 erat
1251 2449 1357 2510 aetate
1379 2465 1480 2528 usque

368 2547 408 2611 ad
435 2548 510 2612 Idus
535 2547 687 2612 Octobres
717 2548 791 2611 anni
819 2550 889 2611 713.
934 2547 1012 2611 nihil
1042 2548 1139 2630 igitur
1169 2568 1228 2628 per
1254 2548 1480 2629 grammaticos

367 2649 438 2712 illos
467 2649 575 2714 obstat
602 2651 769 2731 quominus
796 2650 881 2714 intra
909 2671 1007 2714 annos
1031 2652 1178 2715 713-15
1202 2649 1327 2732 eclogas
1350 2670 1480 2733 compo·

369 2752 446 2815 sitas
469 2771 538 2815 esse
561 2752 773 2830 iudicemus.4)

458 2939 477 3006 1)
495 2956 522 2993 v.
540 2941 622 2993 etiam
642 2939 796 3006 Glaserum,
816 2940 879 2993 edit.
898 2939 992 2993 Bucol.
1010 2957 1036 3008 p.
1049 2944 1073 2992 2.

457 3022 477 3089 ²)
495 3024 622 3078 videlicet
644 3026 703 3094 ipse
725 3024 895 3079 Ribbeckius
918 3025 992 3091 (11.)
1015 3024 1157 3078 atraditis
1181 3023 1275 3078 decem
1297 3023 1398 3093 eclogis
1424 3040 1483 3076 car-

370 3110 444 3161 mina
461 3110 518 3164 sive
536 3125 591 3162 non
608 3109 732 3178 perfecta
749 3111 807 3165 sive
826 3126 880 3162 000
898 3108 972 3162 edita
986 3111 1105 3180 seiungit
1118 3126 1233 3177 quorum
1252 3108 1367 3163 frustula
1385 3110 1414 3162 in
1433 3110 1482 3164 ecl.

370 3194 412 3246 IX
431 3198 463 3247 23
482 3211 521 3264 sq.
542 3200 574 3248 39
592 3211 631 3263 sq.
650 3194 807 3248 laudentur:
835 3194 934 3265 quibus
956 3195 992 3247 ad
1010 3194 1149 3248 Theocriti
1170 3193 1324 3263 idylliorum
1344 3195 1484 3265 exemplar

369 3280 574 3333 accuratissime
602 3282 736 3348 expressis
762 3282 801 3334 ita
827 3281 914 3334 Pollio
940 3280 1049 3336 videtur
1077 3279 1228 3333 delectatus
1250 3295 1310 3333 esse
1328 3285 1358 3333 ut
1376 3281 1412 3333 ad
1430 3281 1484 3334 hoc

368 3366 457 3435 poesis
474 3382 561 3434 genus
580 3364 761 3419 factitandum
780 3383 841 3419 eum
859 3368 993 3420 incitaret.
1483 3420 1495 3439 Ι

455 3451 476 3518 1)
494 3467 545 3504 000
564 3467 618 3504 000
635 3451 708 3520 quod
725 3453 754 3503 in
772 3451 823 3506 Ill.
843 3452 939 3523 ecloga
962 3451 1115 3504 bucolicam
1141 3467 1219 3502 suam
1245 3451 1341 3519 poesin
1367 3450 1507 3523 Pollioni,

369 3536 479 3605 probari
501 3536 567 3590 dicit
589 3535 617 3588 id
639 3537 746 3592 videtur
764 3536 916 3607 legentibus
934 3536 1076 3590 ostendere
1095 3536 1226 3590 voluisse:
1251 3534 1363 3589 edendis
1381 3536 1484 3606 eclogia

371 3638 400 3675 se
418 3621 489 3675 illius
508 3623 651 3676 consilium
669 3627 793 3676 secutum
811 3638 879 3677 0000.
898 3640 923 3676 v.
943 3623 1025 3674 etiam
1042 3620 1202 3675 Kolsterum
1220 3639 1246 3690 p.
1264 3625 1306 3674 48.

456 3708 478 3771 ⁴)
497 3724 565 3776 quas
583 3725 618 3762 00
635 3709 714 3761 00010
733 3712 851 3761 ura-14
869 3708 985 3776 scriptas
1006 3711 1133 3777 putemus
1155 3710 1255 3760 octava
1278 3706 1374 3775 ecloga
1392 3707 1486 3762 caveri

370 3791 442 3846 infra
460 3791 621 3848 videbimus.
