3194 4996
703 302 916 363 -16-

338 469 484 534 Omnium
511 469 608 551 igitur
636 470 873 551 antiquissimae
900 470 1064 542 habendae
1088 479 1161 536 sunt
1186 476 1316 536 secunda
1339 479 1375 538 et

251 577 351 635 1011101
375 572 488 654 quibus
510 593 567 635 cur
590 573 752 654 ‚Tityrum‘
776 573 992 655 anteposuerit
1014 580 1112 654 poeta
1134 573 1218 637 haud
1243 573 1371 640 difficile

252 681 302 739 est
324 675 463 756 cognitu,
488 674 638 756 quoniam
654 673 798 738 Caesaris
821 672 931 738 laudes
953 675 1009 739 illa
1032 677 1244 741 continentur.
1273 683 1372 760 atque

250 776 424 861 Corydonis
452 777 610 859 querellas
642 797 681 840 ex
709 797 783 840 vero
812 797 920 841 amore
949 784 1036 842 ortas
1066 800 1135 844 esse
1165 800 1227 861 quo
1251 779 1372 844 Noster

249 881 282 944 in
298 879 547 962 pulcherrimum
563 879 661 943 Asinii
676 878 829 944 Pollionis
845 900 980 960 servum,
1001 879 1217 945 Alexandrum
1232 881 1371 963 nomine,

250 983 381 1047 arsisset
403 983 464 1046 etsi
486 988 628 1047 veterum
650 981 710 1045 fuit
733 981 849 1064 opinio,
857 982 877 1065 1)
902 988 1010 1047 tamen
1032 984 1118 1046 omni
1141 984 1370 1067 probabilitate
1418 976 1426 989 ⁸

251 1106 360 1150 carere
391 1085 469 1148 mihi
499 1084 632 1149 videtur.
677 1085 794 1149 etenim
825 1090 862 1148 ut
892 1085 1026 1150 carmini
1057 1086 1225 1152 mandaret
1253 1087 1369 1169 quibus

251 1189 348 1270 ipsius
371 1188 494 1252 animus
517 1186 697 1252 afficeretur
719 1188 811 1268 euris,
836 1207 908 1250 eum
930 1209 950 1251 a
969 1186 1164 1271 Polyphemo
1188 1195 1244 1254 aut
1266 1210 1286 1253 a
1307 1189 1369 1254 Co-

249 1294 354 1354 masta
368 1290 556 1354 Theocriteo
572 1290 669 1354 verba
685 1295 864 1354 mutuatum
881 1311 949 1354 esse
965 1291 1017 1355 vix
1032 1291 1256 1374 crediderim.²)
1289 1293 1369 1358 Pro·

249 1393 370 1475 pertius
392 1413 467 1456 vero
491 1391 576 1475 quod
599 1413 671 1455 cum
693 1391 785 1455 huius
808 1391 937 1474 eclogae
959 1393 1152 1458 mentionem
1163 1394 1290 1475 'iaceret
1306 1395 1370 1478 (HI

250 1498 301 1575 34,
328 1498 366 1559 73
390 1497 448 1577 sq.)
480 1495 572 1577 pueri
604 1493 788 1576 aVergilio
817 1495 915 1558 amati
943 1517 1007 1558 non
1037 1496 1142 1578 tetigit
1169 1496 1287 1560 famam
1317 1498 1368 1577 (cf.

248 1597 399 1676 Ribbeck,
422 1597 442 1659 l.
467 1601 505 1679 c.)
528 1597 561 1659 in
584 1617 623 1660 ea
646 1595 748 1678 elegia
771 1617 834 1678 qua
857 1597 895 1662 de
917 1601 1087 1679 poetarum
1110 1599 1274 1662 amoribus
1297 1618 1367 1663 car·

184 1770 187 1776 ,
248 1700 331 1765 mine
357 1699 553 1781 pervulgatis
580 1698 716 1762 multum
743 1698 946 1781 praedicaret
973 1703 1012 1783 (r.
1036 1702 1076 1763 85
1102 1703 1159 1783 sq.)
1187 1699 1272 1765 haud
1300 1701 1367 1766 scio

248 1824 289 1866 an
312 1802 503 1885 allegoristis
524 1801 612 1866 illam
635 1802 877 1882 relinquendam
900 1823 968 1866 esse
987 1803 1138 1886 probeti)
1163 1802 1217 1867 sed
1240 1803 1368 1868 etiamsi

247 1905 405 1970 Pollionis
448 1925 573 1969 servum
614 1903 655 1967 ab
696 1903 757 1968 hac
801 1902 912 1986 ecloga
951 1905 1065 1987 procul
1109 1904 1221 1969 haberi
1259 1905 1366 1987 velim,

246 2009 350 2089 ipsum
381 2006 560 2071 Pollionem
591 2006 657 2069 eius
690 2006 914 2089 concipiendae
945 2006 994 2071 vel
1027 2007 1167 2072 edendae
1199 2012 1367 2087 auctorem

246 2110 364 2175 Nostro
393 2108 488 2173 fuisse
516 2107 602 2171 haud
631 2130 742 2172 vereor
769 2114 805 2172 ut
830 2115 918 2172 recte
946 2114 1096 2174 statuam.
1145 2131 1248 2192 neque
1281 2110 1367 2174 enim

247 2233 316 2276 esse
347 2212 438 2276 nobis
476 2211 689 2292 persuasimus
726 2232 782 2275 cur
819 2212 978 2277 Bucolicis
1015 2212 1100 2275 illius
1138 2234 1233 2277 suasu
1271 2213 1366 2278 editis

244 2315 326 2378 hanc
358 2315 499 2396 priorem
530 2318 686 2395 putemus.
739 2312 824 2395 quod
856 2335 927 2377 eum
960 2313 1086 2378 Asinius
1117 2315 1190 2379 inde
1222 2336 1242 2379 a
1272 2317 1364 2379 Mun·

245 2416 348 2480 densis
378 2437 502 2498 pugnae
534 2423 679 2498 tempore
711 2416 745 2479 in
776 2415 930 2498 Hispania
960 2423 1173 2480 commoratus
1204 2420 1296 2501 (App.
1324 2418 1360 2482 Β.

244 2518 275 2583 C.
307 2521 352 2583 IV
375 2522 426 2601 84)
462 2525 596 2583 exeunte
628 2539 710 2583 anno
744 2521 801 2581 111
836 2518 1082 2600 [transpadanae
1113 2518 1236 2583 Calliae
1258 2540 1361 2602 prae-

245 2642 313 2686 esse
337 2621 479 2703 coeperit
503 2620 554 2701 (ib.
577 2621 626 2684 111
649 2620 824 2684 01101101.
848 2623 880 2683 II
903 2623 953 2699 63,
977 2623 1018 2703 3),
1041 2642 1080 2685 ne
1103 2627 1211 2703 potest
1231 2622 1360 2704 quidem

244 2729 318 2788 ante
354 2745 471 2788 aunum
507 2725 567 2787 712
603 2725 795 2788 Mantuanus
830 2727 927 2805 poeta
960 2723 1045 2788 illius
1081 2724 1217 2806 gratiam
1253 2725 1358 2791 inisse.

242 2832 384 2891 ceterum
415 2831 483 2889 tum
513 2831 622 2889 natam
652 2845 720 2889 esse
751 2824 895 2907 eclogam
924 2828 963 2890 II.
1009 2847 1081 2890 cum
1109 2826 1213 2893 Pollio
1245 2829 1359 2891 Trans·

242 3100 275 3157 01
288 3082 387 3152 quibus
405 3081 478 3135 hanc
495 3082 531 3135 ad
549 3081 643 3134 Mincii
660 3081 735 3149 ripas
753 3080 820 3146 (VII
839 3085 934 3150 nna),
952 3081 1013 3135 illas
1030 3098 1114 3150 prope
1133 3081 1284 3136 Pollionem
1303 3083 1359 3151 (III

242 3173 275 3221 84
287 3170 347 3237 sq.),
365 3166 582 3235 Transpadanae
601 3165 709 3220 Galliae
726 3166 896 3235 praefectum
914 3165 960 3233 (cf.
974 3166 1049 3222 Serv.
1062 3168 1098 3221 ad
1115 3167 1164 3222 ecl.
1177 3167 1206 3220 Π
1225 3170 1259 3235 1),
1278 3174 1359 3223 natas

241 3271 301 3308 esse
328 3253 464 3306 discimus.
491 3268 659 3323 quaequam
682 3269 737 3305 non
760 3252 857 3307 Sextus
874 3253 1005 3305 memoria
1023 3252 1179 3321 complexus
1196 3253 1239 3320 sit,
1258 3253 1304 3308 vel
1322 3271 1355 3309 ex

241 3338 378 3393 secundae
397 3336 549 3419 tertiaeque
567 3337 659 3392 verbis
677 3339 765 3390 minus
784 3342 911 3392 accurate
928 3336 1047 3397 laudatis
1065 3337 1232 3408 intellegitur
1259 3337 1306 3405 (cf.
1325 3339 1357 3395 E.

241 3424 285 3477 III
312 3427 386 3490 ‘lolii
413 3428 441 3490 et
466 3422 503 3476 11³
518 3424 593 3489 40141
619 3441 680 3476 cum
707 3423 789 3492 Prop.
809 3423 827 3478 l.
846 3441 868 3478 c.
887 3423 984 3490 celio).
1011 3439 1037 3477 v.
1056 3424 1139 3476 etiam
1166 3423 1357 3479 Ribbeckium.

240 3508 325 3578 praef.
345 3509 386 3562 ed.
405 3510 469 3564 min.
488 3509 579 3564 XXV.
598 3508 661 3563 adn.
680 3514 696 3560 4
715 3515 742 3563 01
759 3507 858 3563 XXVI
876 3507 940 3562 adn.
959 3512 983 3562 3.

329 3595 349 3662 ¹)
368 3594 443 3649 Serv.
462 3596 498 3649 ad
516 3595 565 3648 ecl.
584 3593 613 3647 II
632 3598 644 3645 l
665 3599 692 3648 et
712 3598 752 3649 15.
770 3592 853 3648 schol.
871 3593 1002 3646 Bemens.
1021 3592 1057 3645 ad
1075 3592 1124 3648 ecl.
1137 3592 1167 3646 II
1181 3598 1202 3645 1.
1221 3593 1357 3648 Martialis

239 3678 311 3733 VIII
329 3685 370 3734 56.
398 3679 530 3748 Apuleius
548 3679 617 3749 apol.
637 3696 659 3732 c.
680 3684 720 3734 10.
747 3679 873 3732 Donatus
890 3697 917 3749 p.
931 3683 972 3734 57.
992 3683 1004 3730 1
1025 3677 1058 3732 R.
1077 3695 1109 3731 ex
1128 3678 1227 3747 quibus
1244 3695 1281 3732 ne
1298 3678 1356 3733 Do-

240 3770 320 3819 natus
337 3765 455 3835 quidem,
468 3767 512 3819 cui
524 3766 574 3819 soli
585 3764 668 3818 fidem
681 3763 835 3818 habendam
847 3780 907 3818 esse
920 3762 1088 3817 Ribbeckius
1101 3764 1214 3831 censuit,
1230 3763 1356 3834 allegori-

113 3817 134 3905 A.
240 3857 344 3905 starum
362 3868 450 3922 nugas
469 3853 578 3905 omnino
596 3851 691 3904 reiecit
708 3849 743 3905 cf.
762 3868 789 3920 p.
808 3855 853 3918 582
869 3854 884 3902 2
902 3849 935 3902 R.

328 3936 348 4003 ²)
367 3936 401 3992 cf.
421 3935 548 4007 Schaper,
568 3938 601 3991 de
619 3936 703 4005 Verg.
722 3936 771 3991 ecl.
790 3937 931 4005 interpret.
950 3939 978 3987 et
998 3934 1105 3990 emend.
1123 3952 1150 4004 p.
1164 3939 1205 3990 15.

328 4023 349 4089 ³)
367 4039 436 4092 quos
456 4021 581 4077 Caesaris
599 4023 690 4091 potius
707 4022 752 4076 vel
770 4021 939 4076 Maecenatis
957 4021 1066 4073 nomine
1083 4019 1214 4074 fabellam
1231 4020 1254 4072 si
1273 4019 1355 4072 modo

239 4105 381 4160 finxissent
399 4114 541 4161 ornaturos
560 4108 643 4161 trisse
662 4123 694 4162 eo
714 4108 802 4160 minus
820 4107 939 4160 Kreusio
958 4109 995 4176 (p.
1012 4109 1057 4172 41)
1077 4107 1211 4160 assentior
1228 4104 1301 4174 quod
1320 4104 1355 4158 de

239 4192 335 4245 intima
352 4192 484 4246 Pollionis
511 4196 539 4246 01
556 4192 670 4262 Vergilii
688 4190 875 4246 familiaritate
894 4196 921 4244 et
938 4207 971 4244 ex
988 4191 1196 4261 tribus'eelogis
1224 4189 1286 4258 (ΠΙ.
1304 4189 1355 4245 IV.

239 4277 328 4344 VHI.)
347 4282 375 4332 et
393 4294 426 4331 ex
442 4280 564 4348 genuina
581 4282 706 4332 veterum
724 4278 854 4331 memoria
872 4277 938 4330 satis
956 4277 1071 4331 multum
1089 4277 1214 4331 innotuit.
