3194 4996
684 403 735 438 .-·
773 367 810 428 17
855 402 898 408 -

240 539 398 621 padanam
415 536 551 602 Galliam
566 541 691 601 teneret
707 535 861 618 expressis
877 534 981 600 verbis
995 535 1188 619 8011101(οἁ
1204 536 1301 601 00111
1320 539 1347 620 1)

237 643 333 708 docet
356 641 407 725 (cf.
430 638 582 717 Ribbeck,
605 637 729 721 Proleg.
753 642 793 721 4).

325 747 428 825 Atque
465 742 568 806 eidem
599 741 665 805 iere
695 740 833 823 tempori
863 740 1087 823 assignandam
1118 762 1187 806 esse
1219 747 1348 829 eclopam

239 852 363 926 tertiam,
386 846 419 909 in
435 854 499 928 qua
513 844 692 910 bucolicam
707 864 797 908 suam
811 843 922 926 poesin
937 843 1074 909 Pollioni
1087 843 1218 927 probari
1231 847 1349 912 Noster

180 1026 188 1037 .
240 949 395 1031 glorietur
410 951 449 1032 (v.
466 951 508 1012 84
524 949 590 1030 sq.),
611 967 652 1010 ne
674 945 779 1011 dicere
796 947 923 1029 quidem
938 967 1017 1028 opus
1033 949 1136 1030 erat,¹)
1157 947 1218 1012 nisi
1232 949 1264 1012 in
1279 948 1349 1031 ipso

239 1052 382 1118 Pollione
405 1051 471 1115 illic
494 1055 743 1116 commemorato
767 1049 945 1131 Schaperus
967 1049 1159 1115 offendisset.
1203 1051 1254 1115 cui
1277 1056 1349 1117 octo

240 1175 347 1219 versus
374 1154 448 1218 inde
475 1154 516 1218 ab
544 1153 739 1235 octogesimo
763 1157 876 1234 quarto
899 1156 942 1232 ‚et
962 1153 1120 1218 vocalium
1142 1153 1350 1235 copulationi·

240 1258 300 1323 bus
335 1257 475 1340 suspecti
511 1261 543 1321 et
576 1268 686 1319 'rerum
721 1254 972 1320 dissimilitudine
1008 1276 1028 1320 a
1058 1256 1171 1322 ceteris
1202 1257 1352 1321 carminis

243 1360 407 1425 amoebaei
428 1358 571 1442 partibus
594 1357 677 1422 adeo
697 1357 821 1422 diversi‘
842 1358 1074 1434 videnturesse
1096 1365 1141 1440 ,ut
1162 1354 1273 1424 eodem
1287 1380 1351 1441 quo

243 1463 316 1527 illae
343 1467 485 1545 tempore
516 1460 613 1526 scribi
643 1461 694 1526 vix
724 1461 903 1544 potuerint!
932 1460 1065 1548 (Symb.
1091 1462 1202 1527 Joach.
1219 1457 1264 1545 p,
1291 1466 1351 1544 12.)

242 1585 341 1647 quare
370 1566 404 1629 in
427 1566 529 1630 altera
551 1564 724 1629 Bucolicon
746 1563 883 1629 editione
905 1565 995 1629 annis
1020 1567 1165 1629 tal-ae
1188 1565 1275 1630 facta
1298 1586 1352 1633 eos

243 1668 386 1733 adiectos
414 1688 483 1732 esse
509 1667 609 1749 ponit.
653 1688 691 1731 ac
717 1667 757 1732 de
785 1666 924 1731 metricis
946 1667 1120 1732 rationibus
1141 1668 1224 1732 infra
1246 1669 1351 1734 dicen-

243 1771 319 1834 dum
347 1771 416 1834 erit.
459 1791 565 1834 rerum
592 1791 667 1834 vero
696 1769 981 1834 dissimilitudinem
1009 1775 1041 1834 et
1067 1770 1254 1836 varietatem
1280 1793 1353 1836 cum

242 1874 308 1937 iam
329 1872 470 1957 Heynius
497 1872 696 1955 cognovisset
718 1872 925 1938 amoebaeum
948 1893 1076 1937 carmen
1098 1894 1194 1955 quam
1216 1875 1353 1940 maxime

244 1977 357 2040 decere
381 1974 508 2061 (Vergil.
530 1976 546 2038 I
567 1997 597 2058 p.
618 1978 680 2058 et),
702 1997 742 2040 ne
765 1975 804 2040 de
826 1975 1011 2057 aequalibus
1034 1976 1161 2058 quidem
1182 1970 1286 2060 poetis
1307 1977 1353 2065 iu-

244 2078 327 2142 dicia
348 2078 381 2142 in
403 2079 474 2142 aliis
496 2078 678 2160 eclogarum
697 2078 775 2144 locis
790 2099 854 2144 non
869 2077 1005 2161 proferri
1020 2077 1103 2163 (0011.
1119 2081 1153 2143 E.
1168 2081 1223 2144 IX.
1239 2083 1280 2145 32
1296 2084 1354 2164 sq.)

244 2180 437 2264 Przygodius
467 2185 554 2245 recte
584 2180 740 2264 monuit.)
784 2202 822 2246 ac
853 2185 961 2245 nostro
989 2180 1061 2246 loco
1085 2182 1270 2264 Pollionem,
1301 2183 1355 2266 qui

246 2283 373 2366 quidem
385 2283 537 2348 Bucolica
553 2282 756 2366 aggrediendi
771 2288 882 2348 auctor
897 2283 926 2347 ei
942 2284 1107 2366 exstiterit,
1123 2285 1356 2368 elegantissime

245 2385 402 2468 Vergilius
428 2386 475 2463 ita
503 2385 644 2451 celebrat
669 2391 705 2450 ut
732 2390 766 2450 et
791 2386 902 2469 quanti
929 2407 986 2452 sua
999 2384 1137 2452 ¹intersit
1158 2384 1208 2452 illi
1225 2388 1357 2471 probari

248 2495 280 2553 et
306 2489 417 2574 quanti
438 2488 511 2571 'ipse
538 2490 622 2554 illius
649 2489 791 2554 carmina
817 2488 915 2553 laniat
940 2491 1106 2572 perspicue
1138 2495 1355 2574 cognoscatur.

250 2591 336 2656 cuius
361 2592 477 2657 iudicio
504 2592 633 2657 laudato
656 2592 740 2674 quod
763 2592 941 2657 bucolicam
963 2613 1053 2658 suam
1074 2594 1185 2677 po‘esin
1208 2592 1355 2675 defendit

248 2695 280 2758 id
302 2694 378 2777 ipsis
401 2695 447 2759 eis
468 2694 666 2777 temporibus
689 2695 802 2778 quibus
825 2696 953 2778 eclogas
972 2695 1065 2760 edere
1081 2691 1357 2780 coeperit‘optime

250 2798 415 2862 convenire
439 2802 582 2881 apparet.
620 2819 661 2862 ex
674 2799 772 2864 Bavio
795 2805 903 2864 autem
924 2805 1021 2881 poeta
1036 2822 1064 2863 v.
1075 2802 1116 2864 90
1132 2800 1292 2883 exagitato
1312 2800 1359 2865 ita

250 2921 314 2966 non
341 2900 476 2966 efficitur
502 2900 674 2966 admodum
701 2906 862 2966 recentem
887 2902 972 2967 hunc
998 2902 1104 2967 locum
1127 2901 1253 2970 esseut
1275 2896 1357 2969 anno

252 3008 323 3085 719,
346 3025 409 3087 quo
432 3003 521 3068 illum
544 3003 652 3069 obisse.
663 3005 875 3088 Hieronymus
889 3005 988 3070 tradit
1004 3007 1134 3088 (Sueton
1152 3027 1183 3089 p;
1199 3000 1286 3087 41,“4
1301 3008 1359 3090 a),

249 3129 321 3174 eum
352 3111 462 3189 pateat
484 3128 552 3172 esse
575 3107 828 3191 antiquiorem.³)
870 3108 1007 3192 namque
1027 3114 1156 3176 'mortuo
1174 3105 1359 3176 'adrersario

249 3210 451 3274 maledixisse
477 3208 581 3291 idque·
600 3210 640 3275 ad
667 3211 827 3295 augendas
856 3212 922 3277 eius
948 3213 1004 3295 qui
1025 3213 1085 3278 sibi
1106 3213 1228 3279 faveret
1249 3213 1360 3277 laudes

250 3313 435 3396 neutiquam
457 3313 630 3396 Vergilium
659 3314 894 3380 arbitrabimur.
938 3315 1004 3381 noli
1029 3316 1127 3399 igitur
1154 3311 1288 3407 de'octo
1311 3316 1359 3380 his

249 3416 395 3481 versibus
417 3417 576 3498 Schapero
600 3418 739 3482 credere.

336 3521 373 3582 In
404 3525 521 3604 quintae
550 3525 695 3603 ternpore
726 3519 903 3586 definiendo
934 3520 1012 3586 nihil
1041 3542 1078 3588 οο
1106 3516 1250 3587 iuvamur
1277 3521 1362 3604 quod

251 3621 426 3705 Daphnidis
446 3623 563 3688 mortui
581 3644 719 3705 persona
733 3629 881 3689 necatum
897 3623 1064 3689 Caesarem
1080 3624 1251 3717 significari
1266 3646 1359 3708 quos-

340 3846 361 3912 ¹)
383 3863 450 3899 >nam
477 3844 550 3915 quod
576 3844 686 3900 Ruaeus
713 3847 776 3900 olim
803 3847 921 3900 coniecit
947 3845 1021 3900 haud
1047 3845 1142 3915 procul
1169 3864 1186 3900 a
1212 3847 1363 3902 Delmatici

251 3931 380 4000 triumphi
392 3937 513 4001 tempore
526 3934 597 3998 (715)
610 3947 670 3985 eam
683 3931 867 3986 collocandam
885 3939 952 3999 esse,
970 3949 1003 3985 ex
1014 3931 1158 4001 pecoribus
1170 3949 1219 4002 pro
1231 3933 1362 3989 Pollionis

252 4017 340 4071 salute
357 4017 529 4071 immolandis
547 4021 583 4083 (v.
596 4021 628 4070 86
641 4019 692 4087 sq.)
711 4018 843 4072 audacius
860 4035 942 4088 quam
961 4021 1051 4074 verius
1069 4017 1231 4074 enucleavit.

341 4106 361 4174 ἓ)
379 4107 427 4176 qui
444 4105 575 4175 Schaperi
593 4110 754 4176 argumenta
771 4107 976 4160 accuratissime
993 4111 1153 4175 persecutus
1171 4107 1283 4177 ipsaque
1295 4105 1362 4162 Ver·

253 4193 311 4262 gilli
328 4192 413 4247 verba
431 4194 625 4261 interpretetus
649 4196 685 4261 (p.
705 4197 799 4261 8-12)
818 4192 885 4245 nihil
903 4209 962 4246 0110
980 4208 1081 4247 causae
1099 4194 1181 4248 evicit
1199 4209 1247 4246 cur
1265 4195 1362 4248 ceteris

254 4279 332 4332 huius
351 4280 479 4332 carminis
497 4278 621 4347 partibus
638 4279 678 4331 illi
696 4296 790 4333 versus
808 4280 972 4348 posteriores
989 4283 1158 4348 putarentur.

341 4366 362 4432 3)
381 4365 415 4420 cf.
434 4364 568 4432 Ribbeck,
586 4365 694 4435 Prolcg.
708 4371 731 4418 2.

1134 4456 1148 4504 2
