3194 4996
579 360 621 365 ..
670 323 707 383 13

129 492 208 556 mini
237 490 372 555 defuisse
404 490 499 573 paulo
529 511 625 572 supra
653 493 895 571 grammaticum
924 492 1066 557 docuisse
1097 495 1245 558 statueri-

128 614 198 659 mus
221 593 272 672 (cf.
296 593 395 657 etiam
416 591 579 676 Przygode
602 613 632 674 p.
657 596 697 657 59
721 602 788 676 sq.).

214 696 419 778 Perpoliendi
449 716 524 759 vero
558 717 667 759 curam
698 698 973 776 retractationem,
1006 718 1069 762 non
1097 698 1244 762 emenda·

126 801 247 864 tionem
271 798 334 863 dici
356 798 459 863 solere
483 818 522 861 ex
544 797 616 862 loco
639 796 772 863 Taciteo
789 821 808 863 a
823 799 983 882 Schapero
1007 799 1104 865 allato
1117 803 1137 884 ¹)
1160 800 1244 864 haud

127 901 221 967 facile
249 901 447 984 cognoveris,
476 900 592 982 quippe
620 901 673 982 qui
701 921 759 965 nos
786 900 901 966 doceat
923 901 1071 967 tollendis
1095 903 1139 966 eis
1162 923 1244 984 quae

126 1024 244 1086 pravae
281 1007 514 1087 interpretationi
547 1002 715 1067 materiam
752 1003 897 1068 dederint
933 1005 1072 1069 Materni
1102 1004 1245 1069 fabulam

126 1105 305 1171 retractari.
358 1105 442 1186 quod
475 1125 547 1168 cum
577 1105 799 1187 interpretatio
828 1107 976 1172 carminis
1003 1128 1043 1170 ex
1070 1107 1244 1189 legentium

127 1209 178 1273 rel
197 1208 392 1273 audientium
413 1207 553 1289 pendeat
574 1207 700 1286 iudicio,
724 1208 763 1272 de
786 1209 932 1272 secundis
956 1209 1038 1273 curis
1062 1210 1138 1291 quin
1153 1209 1243 1273 Taci-

128 1317 182 1376 tus
203 1311 353 1392 loquatur
376 1309 517 1374 dubitari
539 1309 591 1373 vix
612 1316 727 1392 potest.

216 1415 332 1480 Contra
354 1415 531 1476 emendandi
551 1411 681 1476 verbum
703 1413 748 1477 ita
763 1413 840 1477 mihi
855 1413 979 1476 videtur
994 1434 1013 1477 a
1028 1413 1136 1478 Servio
1152 1436 1242 1477 usur-

126 1516 199 1598 pari
221 1520 256 1580 ut
279 1514 414 1579 similem
437 1515 466 1578 ei
484 1513 639 1597 significet
654 1537 764 1580 curam
780 1537 875 1598 quam
891 1515 931 1578 ab
946 1514 1122 1580 illustribus
1138 1536 1241 1597 gram-

125 1618 250 1683 maticis
278 1618 311 1681 in
339 1616 469 1681 edendis
497 1621 638 1681 veterum
661 1617 750 1682 libris
773 1618 947 1682 adhibitam
971 1638 1039 1683 esse
1063 1618 1243 1700 subscripta

124 1720 284 1785 interdum
312 1719 474 1784 codicibus
501 1719 598 1784 verba
625 1720 696 1802 ,legi
718 1726 815 1802 atque
838 1720 1012 1785 emendavi‘
1034 1720 1084 1784 vel
1105 1720 1243 1802 ,distinxi

125 1822 306 1888 emendans‘
333 1842 391 1885 nos
420 1821 560 1887 docent.2
603 1844 740 1905 namque
767 1844 831 1887 non
858 1823 980 1888 minore
1009 1823 1171 1904 diligentia
1200 1823 1240 1887 ab

75 1916 77 1920 ¹
124 1927 171 1991 eis
194 1925 248 2008 qui
271 1926 467 2007 scripserant
489 1924 587 1990 libros
611 1925 651 1990 ad
667 1925 823 1989 edendum
837 1932 969 2008 paratos
985 1946 1062 2004 esse,
1087 1925 1161 1989 dum
1177 1925 1242 1989 vita

122 2031 317 2110 suppeteret,
341 2026 510 2091 verisimile
533 2034 582 2092 est
605 2049 700 2110 quam
724 2028 763 2092 ab
788 2029 909 2110 eisqui
934 2027 1154 2091 defunctorum
1176 2027 1241 2091 iam

123 2137 293 2213 poetarum
316 2128 460 2193 carmina
482 2127 605 2194 edenda
620 2137 778 2195 curarent.
818 2135 914 2212 atque
930 2131 963 2193 in
978 2129 1137 2211 prioribus
1152 2129 1241 2194 libris

126 2254 200 2297 cum
221 2231 279 2297 tali
301 2230 397 2296 modo
421 2230 619 2296 elaborasset
636 2233 800 2315 Vergilius,
825 2254 878 2296 eos
894 2232 1012 2316 publici
1034 2231 1111 2294 iuris
1134 2232 1240 2294 facere

124 2355 190 2400 non
204 2333 376 2414 dubitavit;
399 2334 571 2398 Aeneidem
594 2335 669 2416 quia
684 2334 823 2399 nondum
840 2334 1072 2414 emendaverat,
1088 2335 1120 2396 in
1136 2333 1241 2397 lucem

122 2435 252 2519 prodire
279 2437 380 2500 vetuit
402 2439 477 2520 (non
501 2436 680 2501 emendavit
702 2438 811 2519 itaque
834 2458 898 2500 non
921 2436 1039 2518 edidit).
1085 2436 1129 2500 sic
1151 2441 1240 2499 recte

122 2538 266 2621 intellegi
292 2538 371 2602 mihi
399 2538 544 2603 videntur
572 2560 653 2621 quae
681 2539 805 2604 Servius
829 2540 868 2604 de
892 2538 1083 2603 carminibus
1106 2539 1238 2620 Vergili-

123 2641 195 2706 anis
215 2641 346 2706 rettulit.

210 2743 370 2826 Schapero
402 2749 510 2807 autem
541 2764 581 2807 ne
613 2743 824 2807 assentiamur
856 2743 894 2807 de
926 2742 1111 2807 emendandi
1143 2743 1239 2807 verbo

123 2846 291 2911 disserenti
305 2846 374 2928 ipse
390 2845 616 2928 grammaticus
633 2845 748 2926 obstat,
773 2846 827 2927 qui
849 2846 986 2909 triennio
1010 2846 1130 2928 scripta
1152 2858 1240 2930 atque

123 2952 278 3012 emnedeta
301 2969 370 3016 esse
392 2947 545 3013 Bucolica
572 2949 666 3012 dicat.
711 2948 806 3027 unde,
835 2947 862 3011 si
888 2947 1040 3029 Schaperi
1067 2969 1240 3030 sequamur

121 3050 435 3132 interpretationem,
460 3050 539 3114 duas
561 3051 736 3116 Bucolicon
759 3049 911 3114 editiones
933 3049 1119 3115 brevissimo
1143 3051 1238 3114 trium

122 3172 277 3217 annorum
304 3152 408 3234 spatio
435 3151 537 3218 factas
565 3174 633 3216 esse
662 3152 856 3235 colligamus.
901 3152 932 3216 id
960 3151 1045 3234 quod
1068 3173 1140 3216 cum
1163 3172 1237 3216 con-

122 3258 309 3319 sentaneum
332 3276 396 3319 non
423 3255 465 3318 sit
491 3275 593 3337 neque
625 3254 686 3337 ipsi
709 3255 868 3338 Schapcro
893 3255 1058 3337 placuerit,
1090 3275 1237 3338 perverse

122 3377 196 3421 eum
218 3362 353 3438 apparet
375 3356 414 3421 de
437 3363 506 3421 toto
530 3357 680 3422 Serviano
703 3357 773 3422 loco
798 3358 985 3439 disputasse.

212 3528 232 3594 ¹)
251 3527 318 3581 Tac.
338 3527 401 3581 dial.
420 3545 443 3582 c.
463 3532 490 3580 3:
519 3527 573 3595 ,An
590 3527 652 3581 ideo
669 3527 769 3597 librum
787 3529 869 3582 istum
892 3526 1097 3598 apprehendisti
1123 3531 1154 3580 ut
1180 3527 1237 3579 dili·

119 3614 229 3682 gentius
252 3619 418 3668 retractaret
439 3618 468 3667 et
489 3612 603 3667 sublatis
625 3615 650 3667 ei
668 3633 720 3685 qna
733 3633 840 3685 praece
857 3615 1077 3684 interpretationi
1093 3615 1238 3666 materians

121 3698 260 3767 dederunt,
282 3700 422 3753 emitteres
444 3697 577 3752 (tatonem
601 3717 657 3753 non
680 3700 791 3769 quidem
811 3699 963 3768 meliorem,
983 3699 1032 3752 sed
1049 3704 1143 3752 tamen
1161 3714 1237 3752 secu-

120 3784 237 3837 riorem‘.

208 3869 229 3937 ²)
247 3888 275 3925 v.
294 3869 523 3939 subscriptionem
551 3870 680 3925 Mavortii
707 3870 873 3924 carminibus
896 3870 1057 3924 Horatianis
1084 3870 1236 3924 subiectam

119 3954 174 4021 (ed.
201 3954 322 4024 Bentley
339 3954 446 4024 praet),
473 3955 578 4009 Asterii
604 3956 633 4007 in
651 3954 774 4009 Mediceo
793 3956 886 4010 codice
904 3955 1064 4026 Vergiliano
1091 3955 1236 4023 (Ribbeck,

118 4039 194 4095 Prol.
207 4043 270 4106 222)
289 4057 413 4094 necnon
432 4041 546 4095 aliomm
565 4041 657 4093 titulos
675 4041 704 4092 in
722 4040 861 4093 codicibus
879 4040 978 4109 Persii,
1001 4041 1120 4109 Lucani,
1144 4041 1236 4094 Marti·

120 4125 173 4179 alis
193 4125 379 4195 reperiendos,
406 4126 441 4180 de
467 4125 566 4195 quibus
594 4126 777 4195 copiosissime
796 4127 853 4196 egit
870 4125 901 4179 Ο.
922 4125 1037 4180 dahnius
1055 4128 1083 4179 in
1102 4143 1236 4181 commen-

117 4211 225 4265 tatione
237 4209 272 4264 de
284 4209 531 4280 subscriptionibus
544 4211 663 4279 antiquis
678 4211 762 4276 (Acta
770 4228 826 4266 soc.
835 4211 906 4266 liter.
916 4211 992 4281 Lips.
1005 4217 1068 4266 1851
1079 4230 1104 4281 p.
1116 4217 1166 4264 348
1176 4214 1235 4281 aql.

117 4295 154 4350 cf.
174 4295 289 4351 Sueten.
307 4295 342 4349 de
359 4302 503 4365 grammat.
522 4301 550 4350 et
567 4295 667 4350 rhetor.
686 4313 708 4349 c.
728 4301 768 4349 24.
