<?xml version="1.0" encoding="UTF-8"?>
<!DOCTYPE html PUBLIC "-//W3C//DTD XHTML 1.0 Transitional//EN"
    "http://www.w3.org/TR/xhtml1/DTD/xhtml1-transitional.dtd">
<html xmlns="http://www.w3.org/1999/xhtml" xml:lang="en" lang="en">
 <head>
  <title>
</title>
<meta http-equiv="Content-Type" content="text/html;charset=utf-8" />
  <meta name='ocr-system' content='tesseract 3.04.00' />
  <meta name='ocr-capabilities' content='ocr_page ocr_carea ocr_par ocr_line ocrx_word'/>
</head>
<body>
  <div class='ocr_page' id='page_1' title='image "./devergiliibucol00feilgoog_0049.png"; bbox 0 0 3194 4996; ppageno 0'>
   <div class='ocr_carea' id='block_1_1' title="bbox 802 309 1016 405">
    <p class='ocr_par' dir='ltr' id='par_1_1' title="bbox 802 309 1016 405">
     <span class='ocr_line' id='line_1_1' title="bbox 802 309 1016 405; baseline 0.005 -19"><span class='ocrx_word' id='word_1_1' title='bbox 802 309 1016 405; x_wconf 50' lang='lat'>444-</span> 
     </span>
    </p>
   </div>
   <div class='ocr_carea' id='block_1_2' title="bbox 316 514 1472 3569">
    <p class='ocr_par' dir='ltr' id='par_1_2' title="bbox 316 514 1469 1417">
     <span class='ocr_line' id='line_1_2' title="bbox 352 514 1466 598; baseline 0 -20"><span class='ocrx_word' id='word_1_2' title='bbox 352 516 449 596; x_wconf 87' lang='lat' dir='ltr'>igitur</span> <span class='ocrx_word' id='word_1_3' title='bbox 481 519 615 578; x_wconf 86' lang='lat' dir='ltr'>excunte</span> <span class='ocrx_word' id='word_1_4' title='bbox 648 534 676 579; x_wconf 88' lang='lat' dir='ltr'>a.</span> <span class='ocrx_word' id='word_1_5' title='bbox 702 517 762 578; x_wconf 86' lang='grc'>715</span> <span class='ocrx_word' id='word_1_6' title='bbox 795 520 832 578; x_wconf 93' lang='lat' dir='ltr'>ut</span> <span class='ocrx_word' id='word_1_7' title='bbox 854 516 1083 596; x_wconf 69' lang='lat' dir='ltr'>aquitanorum</span> <span class='ocrx_word' id='word_1_8' title='bbox 1111 514 1300 582; x_wconf 79' lang='lat' dir='ltr'>seditionem</span> <span class='ocrx_word' id='word_1_9' title='bbox 1329 516 1466 598; x_wconf 90' lang='lat' dir='ltr'>compri-</span> 
     </span>
     <span class='ocr_line' id='line_1_3' title="bbox 352 617 1463 699; baseline 0 -18"><span class='ocrx_word' id='word_1_10' title='bbox 352 622 455 682; x_wconf 89' lang='lat' dir='ltr'>meret</span> <span class='ocrx_word' id='word_1_11' title='bbox 480 617 570 681; x_wconf 90' lang='lat' dir='ltr'>illum</span> <span class='ocrx_word' id='word_1_12' title='bbox 592 618 770 699; x_wconf 89' lang='lat' dir='ltr'>profectum</span> <span class='ocrx_word' id='word_1_13' title='bbox 795 638 864 682; x_wconf 90' lang='lat' dir='ltr'>csse</span> <span class='ocrx_word' id='word_1_14' title='bbox 888 618 1124 686; x_wconf 79' lang='lat' dir='ltr'>existimemus?</span> <span class='ocrx_word' id='word_1_15' title='bbox 1155 620 1206 696; x_wconf 89' lang='lat' dir='ltr'>(cf.</span> <span class='ocrx_word' id='word_1_16' title='bbox 1226 621 1398 683; x_wconf 89' lang='lat' dir='ltr'>Drumann.</span> <span class='ocrx_word' id='word_1_17' title='bbox 1421 621 1463 683; x_wconf 91' lang='lat' dir='ltr'>lV</span> 
     </span>
     <span class='ocr_line' id='line_1_4' title="bbox 316 720 1467 808; baseline 0 -23"><span class='ocrx_word' id='word_1_18' title='bbox 316 801 320 808; x_wconf 26' lang='grc' dir='ltr'>Ι</span> <span class='ocrx_word' id='word_1_19' title='bbox 353 724 436 803; x_wconf 85' lang='grc'>264.)</span> <span class='ocrx_word' id='word_1_20' title='bbox 481 721 593 784; x_wconf 91' lang='lat' dir='ltr'>iisdem</span> <span class='ocrx_word' id='word_1_21' title='bbox 620 720 687 784; x_wconf 86' lang='lat' dir='ltr'>fere</span> <span class='ocrx_word' id='word_1_22' title='bbox 715 720 912 803; x_wconf 81' lang='lat' dir='ltr'>temporibus</span> <span class='ocrx_word' id='word_1_23' title='bbox 934 720 1062 784; x_wconf 81' lang='lat' dir='ltr'>Caesari</span> <span class='ocrx_word' id='word_1_24' title='bbox 1089 720 1190 785; x_wconf 89' lang='lat' dir='ltr'>denuo</span> <span class='ocrx_word' id='word_1_25' title='bbox 1216 742 1288 787; x_wconf 91' lang='lat' dir='ltr'>cum</span> <span class='ocrx_word' id='word_1_26' title='bbox 1309 720 1467 802; x_wconf 90' lang='lat' dir='ltr'>Pompeio</span> 
     </span>
     <span class='ocr_line' id='line_1_5' title="bbox 352 823 1467 905; baseline 0 -18"><span class='ocrx_word' id='word_1_27' title='bbox 352 829 480 888; x_wconf 90' lang='lat' dir='ltr'>exortas</span> <span class='ocrx_word' id='word_1_28' title='bbox 507 843 575 887; x_wconf 89' lang='lat' dir='ltr'>esse</span> <span class='ocrx_word' id='word_1_29' title='bbox 606 823 786 887; x_wconf 87' lang='lat' dir='ltr'>inimicitias</span> <span class='ocrx_word' id='word_1_30' title='bbox 818 825 1054 905; x_wconf 85' lang='lat' dir='ltr'>exercitumque</span> <span class='ocrx_word' id='word_1_31' title='bbox 1081 824 1122 887; x_wconf 91' lang='lat' dir='ltr'>ad</span> <span class='ocrx_word' id='word_1_32' title='bbox 1148 844 1220 887; x_wconf 89' lang='lat' dir='ltr'>curu</span> <span class='ocrx_word' id='word_1_33' title='bbox 1243 823 1467 888; x_wconf 86' lang='lat' dir='ltr'>debellandum</span> 
     </span>
     <span class='ocr_line' id='line_1_6' title="bbox 352 925 1469 1008; baseline 0.001 -20"><span class='ocrx_word' id='word_1_34' title='bbox 352 930 571 1007; x_wconf 88' lang='lat' dir='ltr'>comparatum</span> <span class='ocrx_word' id='word_1_35' title='bbox 600 946 669 989; x_wconf 86' lang='lat' dir='ltr'>esse</span> <span class='ocrx_word' id='word_1_36' title='bbox 697 926 860 1007; x_wconf 86' lang='lat' dir='ltr'>Appianus</span> <span class='ocrx_word' id='word_1_37' title='bbox 889 927 927 1008; x_wconf 86' lang='lat' dir='ltr'>(V</span> <span class='ocrx_word' id='word_1_38' title='bbox 953 929 1003 1008; x_wconf 88' lang='grc'>78)</span> <span class='ocrx_word' id='word_1_39' title='bbox 1032 925 1138 990; x_wconf 91' lang='lat' dir='ltr'>tradit.</span> <span class='ocrx_word' id='word_1_40' title='bbox 1182 927 1214 989; x_wconf 89' lang='lat' dir='ltr'>in</span> <span class='ocrx_word' id='word_1_41' title='bbox 1239 947 1302 1008; x_wconf 91' lang='lat' dir='ltr'>quo</span> <span class='ocrx_word' id='word_1_42' title='bbox 1325 927 1469 990; x_wconf 86' lang='lat' dir='ltr'>exercitu</span> 
     </span>
     <span class='ocr_line' id='line_1_7' title="bbox 352 1027 1469 1119; baseline 0.002 -30"><span class='ocrx_word' id='word_1_43' title='bbox 352 1030 379 1090; x_wconf 91' lang='lat' dir='ltr'>si</span> <span class='ocrx_word' id='word_1_44' title='bbox 401 1027 528 1092; x_wconf 90' lang='lat' dir='ltr'>Gallum</span> <span class='ocrx_word' id='word_1_45' title='bbox 550 1027 706 1109; x_wconf 88' lang='lat' dir='ltr'>stipendia</span> <span class='ocrx_word' id='word_1_46' title='bbox 728 1029 880 1092; x_wconf 89' lang='lat' dir='ltr'>meruisse</span> <span class='ocrx_word' id='word_1_47' title='bbox 904 1029 1137 1112; x_wconf 85' lang='lat' dir='ltr'>coniciamus‚¹)</span> <span class='ocrx_word' id='word_1_48' title='bbox 1160 1028 1348 1111; x_wconf 88' lang='lat' dir='ltr'>praesertim</span> <span class='ocrx_word' id='word_1_49' title='bbox 1371 1048 1469 1119; x_wconf 88' lang='lat' dir='ltr'>quem</span> 
     </span>
     <span class='ocr_line' id='line_1_8' title="bbox 353 1129 1467 1212; baseline 0.002 -20"><span class='ocrx_word' id='word_1_50' title='bbox 353 1134 478 1194; x_wconf 89' lang='lat' dir='ltr'>constet</span> <span class='ocrx_word' id='word_1_51' title='bbox 508 1150 633 1212; x_wconf 82' lang='lat' dir='ltr'>semper</span> <span class='ocrx_word' id='word_1_52' title='bbox 664 1129 852 1194; x_wconf 85' lang='lat' dir='ltr'>aCaesaris</span> <span class='ocrx_word' id='word_1_53' title='bbox 882 1129 1026 1211; x_wconf 85' lang='lat' dir='ltr'>partibus</span> <span class='ocrx_word' id='word_1_54' title='bbox 1055 1132 1195 1210; x_wconf 77' lang='lat' dir='ltr'>stetisse,</span> <span class='ocrx_word' id='word_1_55' title='bbox 1226 1134 1301 1212; x_wconf 91' lang='lat' dir='ltr'>post</span> <span class='ocrx_word' id='word_1_56' title='bbox 1327 1151 1467 1212; x_wconf 88' lang='lat' dir='ltr'>pugnam</span> 
     </span>
     <span class='ocr_line' id='line_1_9' title="bbox 354 1232 1467 1316; baseline 0.001 -20"><span class='ocrx_word' id='word_1_57' title='bbox 354 1236 460 1296; x_wconf 86' lang='lat' dir='ltr'>autem</span> <span class='ocrx_word' id='word_1_58' title='bbox 485 1233 646 1297; x_wconf 81' lang='lat' dir='ltr'>Actiacam</span> <span class='ocrx_word' id='word_1_59' title='bbox 670 1233 737 1296; x_wconf 89' lang='lat' dir='ltr'>cius</span> <span class='ocrx_word' id='word_1_60' title='bbox 758 1233 844 1295; x_wconf 90' lang='lat' dir='ltr'>iussu</span> <span class='ocrx_word' id='word_1_61' title='bbox 867 1232 975 1314; x_wconf 86' lang='lat' dir='ltr'>copias</span> <span class='ocrx_word' id='word_1_62' title='bbox 998 1234 1029 1295; x_wconf 91' lang='lat' dir='ltr'>in</span> <span class='ocrx_word' id='word_1_63' title='bbox 1045 1237 1223 1316; x_wconf 83' lang='lat' dir='ltr'>Aegyptum</span> <span class='ocrx_word' id='word_1_64' title='bbox 1245 1232 1370 1296; x_wconf 86' lang='lat' dir='ltr'>duxisse</span> <span class='ocrx_word' id='word_1_65' title='bbox 1394 1233 1467 1315; x_wconf 81' lang='lat' dir='ltr'>(Dio</span> 
     </span>
     <span class='ocr_line' id='line_1_10' title="bbox 353 1333 1268 1417; baseline 0.001 -20"><span class='ocrx_word' id='word_1_66' title='bbox 353 1335 395 1397; x_wconf 86' lang='lat' dir='ltr'>LI</span> <span class='ocrx_word' id='word_1_67' title='bbox 419 1335 459 1416; x_wconf 82' lang='grc'>9),</span> <span class='ocrx_word' id='word_1_68' title='bbox 482 1333 567 1398; x_wconf 92' lang='lat' dir='ltr'>haud</span> <span class='ocrx_word' id='word_1_69' title='bbox 589 1335 710 1416; x_wconf 85' lang='lat' dir='ltr'>procul,</span> <span class='ocrx_word' id='word_1_70' title='bbox 733 1340 769 1398; x_wconf 89' lang='lat' dir='ltr'>ut</span> <span class='ocrx_word' id='word_1_71' title='bbox 791 1335 913 1417; x_wconf 85' lang='lat' dir='ltr'>opinor,</span> <span class='ocrx_word' id='word_1_72' title='bbox 936 1355 956 1398; x_wconf 92' lang='grc'>1</span> <span class='ocrx_word' id='word_1_73' title='bbox 977 1356 1052 1399; x_wconf 82' lang='lat' dir='ltr'>uero</span> <span class='ocrx_word' id='word_1_74' title='bbox 1075 1337 1268 1401; x_wconf 90' lang='lat' dir='ltr'>aberremus.</span> 
     </span>
    </p>

    <p class='ocr_par' dir='ltr' id='par_1_3' title="bbox 353 1436 1470 2135">
     <span class='ocr_line' id='line_1_11' title="bbox 438 1436 1467 1520; baseline 0.003 -21"><span class='ocrx_word' id='word_1_75' title='bbox 438 1436 498 1500; x_wconf 84' lang='lat' dir='ltr'>Sed</span> <span class='ocrx_word' id='word_1_76' title='bbox 525 1457 565 1500; x_wconf 88' lang='grc'>11</span> <span class='ocrx_word' id='word_1_77' title='bbox 593 1437 730 1501; x_wconf 91' lang='lat' dir='ltr'>solutam</span> <span class='ocrx_word' id='word_1_78' title='bbox 757 1436 839 1501; x_wconf 91' lang='lat' dir='ltr'>hanc</span> <span class='ocrx_word' id='word_1_79' title='bbox 868 1439 1086 1518; x_wconf 90' lang='lat' dir='ltr'>quaestionem</span> <span class='ocrx_word' id='word_1_80' title='bbox 1114 1443 1261 1520; x_wconf 88' lang='lat' dir='ltr'>putemus</span> <span class='ocrx_word' id='word_1_81' title='bbox 1288 1436 1467 1519; x_wconf 86' lang='lat' dir='ltr'>Schaperus</span> 
     </span>
     <span class='ocr_line' id='line_1_12' title="bbox 354 1538 1467 1622; baseline 0 -19"><span class='ocrx_word' id='word_1_82' title='bbox 354 1538 472 1603; x_wconf 89' lang='lat' dir='ltr'>obstat:</span> <span class='ocrx_word' id='word_1_83' title='bbox 504 1539 559 1621; x_wconf 91' lang='lat' dir='ltr'>qui</span> <span class='ocrx_word' id='word_1_84' title='bbox 589 1559 674 1603; x_wconf 89' lang='lat' dir='ltr'>anno</span> <span class='ocrx_word' id='word_1_85' title='bbox 706 1539 832 1603; x_wconf 89' lang='lat' dir='ltr'>demum</span> <span class='ocrx_word' id='word_1_86' title='bbox 866 1543 926 1605; x_wconf 83' lang='grc'>728</span> <span class='ocrx_word' id='word_1_87' title='bbox 958 1540 1007 1604; x_wconf 90' lang='lat' dir='ltr'>vel</span> <span class='ocrx_word' id='word_1_88' title='bbox 1041 1544 1101 1605; x_wconf 80' lang='grc'>729</span> <span class='ocrx_word' id='word_1_89' title='bbox 1134 1541 1289 1604; x_wconf 90' lang='lat' dir='ltr'>decimam</span> <span class='ocrx_word' id='word_1_90' title='bbox 1321 1540 1467 1622; x_wconf 83' lang='lat' dir='ltr'>eclogam</span> 
     </span>
     <span class='ocr_line' id='line_1_13' title="bbox 353 1641 1468 1729; baseline 0.001 -25"><span class='ocrx_word' id='word_1_91' title='bbox 353 1642 504 1723; x_wconf 84' lang='lat' dir='ltr'>scriptam</span> <span class='ocrx_word' id='word_1_92' title='bbox 527 1662 596 1706; x_wconf 87' lang='lat' dir='ltr'>esse</span> <span class='ocrx_word' id='word_1_93' title='bbox 619 1641 725 1729; x_wconf 76' lang='lat' dir='ltr'>studet</span> <span class='ocrx_word' id='word_1_94' title='bbox 746 1641 1000 1727; x_wconf 57' lang='lat' dir='ltr'>demonstrarat</span> <span class='ocrx_word' id='word_1_95' title='bbox 1041 1643 1101 1708; x_wconf 90' lang='lat' dir='ltr'>hac</span> <span class='ocrx_word' id='word_1_96' title='bbox 1125 1645 1209 1708; x_wconf 90' lang='lat' dir='ltr'>enim</span> <span class='ocrx_word' id='word_1_97' title='bbox 1231 1642 1324 1708; x_wconf 89' lang='lat' dir='ltr'>Gallo</span> <span class='ocrx_word' id='word_1_98' title='bbox 1347 1642 1468 1707; x_wconf 88' lang='lat' dir='ltr'>calum-</span> 
     </span>
     <span class='ocr_line' id='line_1_14' title="bbox 353 1745 1467 1827; baseline 0.001 -20"><span class='ocrx_word' id='word_1_99' title='bbox 353 1745 413 1808; x_wconf 91' lang='lat' dir='ltr'>niis</span> <span class='ocrx_word' id='word_1_100' title='bbox 439 1745 639 1809; x_wconf 90' lang='lat' dir='ltr'>iuimicorum</span> <span class='ocrx_word' id='word_1_101' title='bbox 666 1749 699 1809; x_wconf 91' lang='grc'>11</span> <span class='ocrx_word' id='word_1_102' title='bbox 720 1745 856 1826; x_wconf 83' lang='lat' dir='ltr'>Augusti</span> <span class='ocrx_word' id='word_1_103' title='bbox 879 1745 1081 1808; x_wconf 86' lang='lat' dir='ltr'>inclementia</span> <span class='ocrx_word' id='word_1_104' title='bbox 1103 1746 1144 1810; x_wconf 90' lang='lat' dir='ltr'>ad</span> <span class='ocrx_word' id='word_1_105' title='bbox 1167 1765 1278 1809; x_wconf 89' lang='lat' dir='ltr'>necem</span> <span class='ocrx_word' id='word_1_106' title='bbox 1301 1745 1467 1827; x_wconf 88' lang='lat' dir='ltr'>compulso</span> 
     </span>
     <span class='ocr_line' id='line_1_15' title="bbox 353 1846 1467 1930; baseline 0 -20"><span class='ocrx_word' id='word_1_107' title='bbox 353 1847 489 1912; x_wconf 91' lang='lat' dir='ltr'>honores</span> <span class='ocrx_word' id='word_1_108' title='bbox 516 1846 613 1911; x_wconf 88' lang='lat' dir='ltr'>tribui</span> <span class='ocrx_word' id='word_1_109' title='bbox 636 1847 819 1926; x_wconf 87' lang='lat' dir='ltr'>arbitratur,</span> <span class='ocrx_word' id='word_1_110' title='bbox 844 1868 916 1909; x_wconf 89' lang='lat' dir='ltr'>eum</span> <span class='ocrx_word' id='word_1_111' title='bbox 938 1847 1047 1912; x_wconf 88' lang='lat' dir='ltr'>laudes</span> <span class='ocrx_word' id='word_1_112' title='bbox 1070 1850 1139 1912; x_wconf 90' lang='lat' dir='ltr'>vivo</span> <span class='ocrx_word' id='word_1_113' title='bbox 1162 1848 1343 1930; x_wconf 87' lang='lat' dir='ltr'>impertitae</span> <span class='ocrx_word' id='word_1_114' title='bbox 1366 1848 1467 1928; x_wconf 87' lang='lat' dir='ltr'>impe-</span> 
     </span>
     <span class='ocr_line' id='line_1_16' title="bbox 354 1948 1469 2031; baseline 0 -19"><span class='ocrx_word' id='word_1_115' title='bbox 354 1951 470 2014; x_wconf 91' lang='lat' dir='ltr'>ratoris</span> <span class='ocrx_word' id='word_1_116' title='bbox 500 1951 574 2013; x_wconf 82' lang='lat' dir='ltr'>irati</span> <span class='ocrx_word' id='word_1_117' title='bbox 604 1950 690 2012; x_wconf 90' lang='lat' dir='ltr'>iussu</span> <span class='ocrx_word' id='word_1_118' title='bbox 722 1970 761 2012; x_wconf 85' lang='lat' dir='ltr'>ex</span> <span class='ocrx_word' id='word_1_119' title='bbox 787 1948 966 2031; x_wconf 83' lang='lat' dir='ltr'>Georgicon</span> <span class='ocrx_word' id='word_1_120' title='bbox 993 1949 1074 2014; x_wconf 91' lang='lat' dir='ltr'>libro</span> <span class='ocrx_word' id='word_1_121' title='bbox 1103 1951 1214 2015; x_wconf 89' lang='lat' dir='ltr'>ultimo</span> <span class='ocrx_word' id='word_1_122' title='bbox 1243 1949 1368 2014; x_wconf 87' lang='lat' dir='ltr'>deletae</span> <span class='ocrx_word' id='word_1_123' title='bbox 1396 1950 1469 2013; x_wconf 89' lang='lat' dir='ltr'>sint.</span> 
     </span>
     <span class='ocr_line' id='line_1_17' title="bbox 354 2051 1470 2135; baseline 0.002 -21"><span class='ocrx_word' id='word_1_124' title='bbox 354 2072 449 2134; x_wconf 90' lang='lat' dir='ltr'>quam</span> <span class='ocrx_word' id='word_1_125' title='bbox 472 2051 645 2116; x_wconf 89' lang='lat' dir='ltr'>doctissimi</span> <span class='ocrx_word' id='word_1_126' title='bbox 667 2051 725 2114; x_wconf 87' lang='lat' dir='ltr'>viri</span> <span class='ocrx_word' id='word_1_127' title='bbox 745 2052 1019 2116; x_wconf 89' lang='lat' dir='ltr'>ratiocinationem</span> <span class='ocrx_word' id='word_1_128' title='bbox 1040 2054 1150 2135; x_wconf 86' lang='lat' dir='ltr'>paucis</span> <span class='ocrx_word' id='word_1_129' title='bbox 1166 2053 1348 2117; x_wconf 87' lang='lat' dir='ltr'>examinare</span> <span class='ocrx_word' id='word_1_130' title='bbox 1364 2052 1470 2116; x_wconf 87' lang='lat' dir='ltr'>liceat.</span> 
     </span>
    </p>

    <p class='ocr_par' dir='ltr' id='par_1_4' title="bbox 353 2154 1470 2853">
     <span class='ocr_line' id='line_1_18' title="bbox 441 2154 1470 2237; baseline -0.001 -18"><span class='ocrx_word' id='word_1_131' title='bbox 441 2159 484 2219; x_wconf 90' lang='lat' dir='ltr'>Ac</span> <span class='ocrx_word' id='word_1_132' title='bbox 515 2155 652 2235; x_wconf 91' lang='lat' dir='ltr'>primum</span> <span class='ocrx_word' id='word_1_133' title='bbox 684 2154 769 2234; x_wconf 91' lang='lat' dir='ltr'>quod</span> <span class='ocrx_word' id='word_1_134' title='bbox 800 2154 838 2216; x_wconf 83' lang='lat' dir='ltr'>do</span> <span class='ocrx_word' id='word_1_135' title='bbox 867 2160 989 2218; x_wconf 89' lang='lat' dir='ltr'>mutato</span> <span class='ocrx_word' id='word_1_136' title='bbox 1019 2154 1196 2237; x_wconf 85' lang='lat' dir='ltr'>Georgicon</span> <span class='ocrx_word' id='word_1_137' title='bbox 1225 2160 1340 2236; x_wconf 87' lang='lat' dir='ltr'>quarto</span> <span class='ocrx_word' id='word_1_138' title='bbox 1367 2154 1470 2218; x_wconf 82' lang='lat' dir='ltr'>refert</span> 
     </span>
     <span class='ocr_line' id='line_1_19' title="bbox 353 2256 1469 2340; baseline 0.003 -21"><span class='ocrx_word' id='word_1_139' title='bbox 353 2258 445 2321; x_wconf 89' lang='lat' dir='ltr'>unius</span> <span class='ocrx_word' id='word_1_140' title='bbox 460 2256 559 2321; x_wconf 84' lang='lat' dir='ltr'>Servii</span> <span class='ocrx_word' id='word_1_141' title='bbox 582 2256 634 2339; x_wconf 82' lang='lat' dir='ltr'>(ad</span> <span class='ocrx_word' id='word_1_142' title='bbox 657 2256 713 2320; x_wconf 89' lang='lat' dir='ltr'>ecl.</span> <span class='ocrx_word' id='word_1_143' title='bbox 731 2257 759 2318; x_wconf 88' lang='lat' dir='ltr'>X</span> <span class='ocrx_word' id='word_1_144' title='bbox 779 2260 792 2319; x_wconf 92' lang='lat'>1</span> <span class='ocrx_word' id='word_1_145' title='bbox 819 2263 851 2320; x_wconf 91' lang='grc'>11</span> <span class='ocrx_word' id='word_1_146' title='bbox 873 2257 914 2320; x_wconf 89' lang='lat' dir='ltr'>ad</span> <span class='ocrx_word' id='word_1_147' title='bbox 929 2257 1043 2339; x_wconf 87' lang='lat' dir='ltr'>Georg.</span> <span class='ocrx_word' id='word_1_148' title='bbox 1058 2260 1103 2321; x_wconf 89' lang='lat' dir='ltr'>IV</span> <span class='ocrx_word' id='word_1_149' title='bbox 1118 2259 1172 2340; x_wconf 75' lang='lat' dir='ltr'>in.)</span> <span class='ocrx_word' id='word_1_150' title='bbox 1195 2258 1335 2339; x_wconf 91' lang='lat' dir='ltr'>positum</span> <span class='ocrx_word' id='word_1_151' title='bbox 1357 2263 1469 2322; x_wconf 90' lang='lat' dir='ltr'>aucto·</span> 
     </span>
     <span class='ocr_line' id='line_1_20' title="bbox 353 2360 1469 2441; baseline -0.001 -19"><span class='ocrx_word' id='word_1_152' title='bbox 353 2361 477 2441; x_wconf 75' lang='lat' dir='ltr'>ritatc³l</span> <span class='ocrx_word' id='word_1_153' title='bbox 501 2360 527 2422; x_wconf 92' lang='lat' dir='ltr'>si</span> <span class='ocrx_word' id='word_1_154' title='bbox 549 2360 644 2423; x_wconf 91' lang='lat' dir='ltr'>modo</span> <span class='ocrx_word' id='word_1_155' title='bbox 666 2379 726 2440; x_wconf 93' lang='lat' dir='ltr'>pro</span> <span class='ocrx_word' id='word_1_156' title='bbox 749 2360 885 2441; x_wconf 90' lang='lat' dir='ltr'>genuina</span> <span class='ocrx_word' id='word_1_157' title='bbox 907 2361 1062 2425; x_wconf 90' lang='lat' dir='ltr'>memoria</span> <span class='ocrx_word' id='word_1_158' title='bbox 1083 2360 1263 2424; x_wconf 80' lang='lat' dir='ltr'>habendum</span> <span class='ocrx_word' id='word_1_159' title='bbox 1284 2364 1341 2440; x_wconf 81' lang='lat' dir='ltr'>est,</span> <span class='ocrx_word' id='word_1_160' title='bbox 1364 2360 1469 2441; x_wconf 90' lang='lat' dir='ltr'>ipsum</span> 
     </span>
     <span class='ocr_line' id='line_1_21' title="bbox 353 2461 1469 2544; baseline -0.001 -18"><span class='ocrx_word' id='word_1_161' title='bbox 353 2463 399 2526; x_wconf 93' lang='lat' dir='ltr'>illi</span> <span class='ocrx_word' id='word_1_162' title='bbox 421 2462 596 2526; x_wconf 88' lang='lat' dir='ltr'>sentcntiae</span> <span class='ocrx_word' id='word_1_163' title='bbox 620 2482 640 2524; x_wconf 91' lang='lat' dir='ltr'>a</span> <span class='ocrx_word' id='word_1_164' title='bbox 662 2461 822 2544; x_wconf 80' lang='lat' dir='ltr'>Schapero</span> <span class='ocrx_word' id='word_1_165' title='bbox 845 2463 989 2544; x_wconf 89' lang='lat' dir='ltr'>prolatae</span> <span class='ocrx_word' id='word_1_166' title='bbox 1011 2464 1148 2526; x_wconf 82' lang='lat' dir='ltr'>maxime</span> <span class='ocrx_word' id='word_1_167' title='bbox 1173 2463 1367 2526; x_wconf 88' lang='lat' dir='ltr'>adversatur.</span> <span class='ocrx_word' id='word_1_168' title='bbox 1413 2462 1469 2543; x_wconf 90' lang='lat' dir='ltr'>qui</span> 
     </span>
     <span class='ocr_line' id='line_1_22' title="bbox 355 2563 1469 2646; baseline -0.002 -17"><span class='ocrx_word' id='word_1_169' title='bbox 355 2567 438 2629; x_wconf 90' lang='lat' dir='ltr'>enim</span> <span class='ocrx_word' id='word_1_170' title='bbox 462 2565 546 2629; x_wconf 89' lang='lat' dir='ltr'>Galli</span> <span class='ocrx_word' id='word_1_171' title='bbox 572 2563 683 2628; x_wconf 90' lang='lat' dir='ltr'>laudes</span> <span class='ocrx_word' id='word_1_172' title='bbox 710 2565 775 2627; x_wconf 90' lang='lat' dir='ltr'>iam</span> <span class='ocrx_word' id='word_1_173' title='bbox 803 2565 995 2631; x_wconf 88' lang='lat' dir='ltr'>carminibus</span> <span class='ocrx_word' id='word_1_174' title='bbox 1023 2567 1157 2628; x_wconf 90' lang='lat' dir='ltr'>insertas</span> <span class='ocrx_word' id='word_1_175' title='bbox 1186 2569 1219 2628; x_wconf 91' lang='grc'>11</span> <span class='ocrx_word' id='word_1_176' title='bbox 1244 2563 1363 2646; x_wconf 88' lang='lat' dir='ltr'>publici</span> <span class='ocrx_word' id='word_1_177' title='bbox 1389 2565 1469 2628; x_wconf 91' lang='lat' dir='ltr'>iuris</span> 
     </span>
     <span class='ocr_line' id='line_1_23' title="bbox 353 2667 1470 2751; baseline 0 -20"><span class='ocrx_word' id='word_1_178' title='bbox 353 2668 455 2732; x_wconf 90' lang='lat' dir='ltr'>factas</span> <span class='ocrx_word' id='word_1_179' title='bbox 478 2669 655 2751; x_wconf 89' lang='lat' dir='ltr'>imperante</span> <span class='ocrx_word' id='word_1_180' title='bbox 677 2671 818 2749; x_wconf 85' lang='lat' dir='ltr'>Augusto</span> <span class='ocrx_word' id='word_1_181' title='bbox 841 2667 1005 2748; x_wconf 88' lang='lat' dir='ltr'>deleverit,</span> <span class='ocrx_word' id='word_1_182' title='bbox 1029 2689 1100 2731; x_wconf 83' lang='lat' dir='ltr'>euin</span> <span class='ocrx_word' id='word_1_183' title='bbox 1123 2667 1207 2732; x_wconf 91' lang='lat' dir='ltr'>baud</span> <span class='ocrx_word' id='word_1_184' title='bbox 1229 2667 1396 2748; x_wconf 88' lang='lat' dir='ltr'>probabile</span> <span class='ocrx_word' id='word_1_185' title='bbox 1419 2672 1470 2731; x_wconf 90' lang='lat' dir='ltr'>est</span> 
     </span>
     <span class='ocr_line' id='line_1_24' title="bbox 354 2769 1467 2853; baseline -0.003 -20"><span class='ocrx_word' id='word_1_186' title='bbox 354 2770 393 2833; x_wconf 91' lang='lat' dir='ltr'>de</span> <span class='ocrx_word' id='word_1_187' title='bbox 416 2771 539 2853; x_wconf 89' lang='lat' dir='ltr'>integro</span> <span class='ocrx_word' id='word_1_188' title='bbox 562 2789 689 2834; x_wconf 87' lang='lat' dir='ltr'>carmen</span> <span class='ocrx_word' id='word_1_189' title='bbox 712 2770 744 2831; x_wconf 92' lang='lat' dir='ltr'>iu</span> <span class='ocrx_word' id='word_1_190' title='bbox 767 2770 918 2834; x_wconf 88' lang='lat' dir='ltr'>honorem</span> <span class='ocrx_word' id='word_1_191' title='bbox 944 2770 1083 2835; x_wconf 84' lang='lat' dir='ltr'>defuncti</span> <span class='ocrx_word' id='word_1_192' title='bbox 1106 2771 1200 2834; x_wconf 89' lang='lat' dir='ltr'>amici</span> <span class='ocrx_word' id='word_1_193' title='bbox 1215 2769 1467 2852; x_wconf 78' lang='lat' dir='ltr'>conrposuisse.⁴)</span> 
     </span>
    </p>

    <p class='ocr_par' dir='ltr' id='par_1_5' title="bbox 354 2872 1472 3569">
     <span class='ocr_line' id='line_1_25' title="bbox 439 2872 1470 2955; baseline -0.002 -19"><span class='ocrx_word' id='word_1_194' title='bbox 439 2878 481 2936; x_wconf 89' lang='lat' dir='ltr'>At</span> <span class='ocrx_word' id='word_1_195' title='bbox 502 2872 607 2937; x_wconf 87' lang='lat' dir='ltr'>verbis</span> <span class='ocrx_word' id='word_1_196' title='bbox 629 2875 734 2953; x_wconf 88' lang='lat' dir='ltr'>‚neget</span> <span class='ocrx_word' id='word_1_197' title='bbox 756 2873 826 2954; x_wconf 91' lang='lat' dir='ltr'>quis</span> <span class='ocrx_word' id='word_1_198' title='bbox 849 2873 991 2936; x_wconf 90' lang='lat' dir='ltr'>earmina</span> <span class='ocrx_word' id='word_1_199' title='bbox 1013 2872 1116 2938; x_wconf 85' lang='lat' dir='ltr'>Gallo‘</span> <span class='ocrx_word' id='word_1_200' title='bbox 1141 2879 1181 2951; x_wconf 89' lang='lat' dir='ltr'>(v.</span> <span class='ocrx_word' id='word_1_201' title='bbox 1202 2875 1233 2955; x_wconf 85' lang='lat'>3)</span> <span class='ocrx_word' id='word_1_202' title='bbox 1258 2892 1411 2935; x_wconf 87' lang='lat' dir='ltr'>excusare</span> <span class='ocrx_word' id='word_1_203' title='bbox 1434 2891 1470 2936; x_wconf 89' lang='lat' dir='ltr'>se</span> 
     </span>
     <span class='ocr_line' id='line_1_26' title="bbox 354 2973 1470 3056; baseline -0.003 -17"><span class='ocrx_word' id='word_1_204' title='bbox 354 2975 505 3039; x_wconf 88' lang='lat' dir='ltr'>Nostrum</span> <span class='ocrx_word' id='word_1_205' title='bbox 529 2981 671 3056; x_wconf 87' lang='lat' dir='ltr'>Augusto</span> <span class='ocrx_word' id='word_1_206' title='bbox 693 2973 871 3055; x_wconf 82' lang='lat' dir='ltr'>Schaperus</span> <span class='ocrx_word' id='word_1_207' title='bbox 899 2980 991 3056; x_wconf 89' lang='lat' dir='ltr'>putat</span> <span class='ocrx_word' id='word_1_208' title='bbox 1020 2974 1104 3054; x_wconf 94' lang='lat' dir='ltr'>quod</span> <span class='ocrx_word' id='word_1_209' title='bbox 1131 2975 1232 3037; x_wconf 88' lang='lat' dir='ltr'>virum</span> <span class='ocrx_word' id='word_1_210' title='bbox 1260 2975 1315 3055; x_wconf 92' lang='lat' dir='ltr'>qui</span> <span class='ocrx_word' id='word_1_211' title='bbox 1341 2975 1373 3036; x_wconf 92' lang='lat' dir='ltr'>in</span> <span class='ocrx_word' id='word_1_212' title='bbox 1400 2974 1470 3037; x_wconf 90' lang='lat' dir='ltr'>eius</span> 
     </span>
     <span class='ocr_line' id='line_1_27' title="bbox 355 3075 1470 3141; baseline -0.002 0"><span class='ocrx_word' id='word_1_213' title='bbox 355 3077 460 3141; x_wconf 90' lang='lat' dir='ltr'>odium</span> <span class='ocrx_word' id='word_1_214' title='bbox 485 3079 606 3140; x_wconf 87' lang='lat' dir='ltr'>venerit</span> <span class='ocrx_word' id='word_1_215' title='bbox 627 3077 767 3141; x_wconf 87' lang='lat' dir='ltr'>carmine</span> <span class='ocrx_word' id='word_1_216' title='bbox 791 3075 954 3140; x_wconf 86' lang='lat' dir='ltr'>celebrare</span> <span class='ocrx_word' id='word_1_217' title='bbox 977 3075 1107 3139; x_wconf 90' lang='lat' dir='ltr'>audeat:</span> <span class='ocrx_word' id='word_1_218' title='bbox 1131 3078 1273 3140; x_wconf 89' lang='lat' dir='ltr'>carmina</span> <span class='ocrx_word' id='word_1_219' title='bbox 1295 3077 1378 3140; x_wconf 88' lang='lat' dir='ltr'>enim</span> <span class='ocrx_word' id='word_1_220' title='bbox 1398 3075 1470 3139; x_wconf 92' lang='lat' dir='ltr'>fieri</span> 
     </span>
     <span class='ocr_line' id='line_1_28' title="bbox 354 3177 1469 3266; baseline 0 -24"><span class='ocrx_word' id='word_1_221' title='bbox 354 3200 417 3243; x_wconf 90' lang='lat' dir='ltr'>non</span> <span class='ocrx_word' id='word_1_222' title='bbox 446 3199 540 3262; x_wconf 89' lang='lat' dir='ltr'>posse</span> <span class='ocrx_word' id='word_1_223' title='bbox 564 3184 600 3243; x_wconf 89' lang='lat' dir='ltr'>ut</span> <span class='ocrx_word' id='word_1_224' title='bbox 622 3179 666 3243; x_wconf 93' lang='lat' dir='ltr'>illi</span> <span class='ocrx_word' id='word_1_225' title='bbox 688 3180 879 3262; x_wconf 83' lang='lat' dir='ltr'>negoritur.⁵)</span> <span class='ocrx_word' id='word_1_226' title='bbox 925 3177 1021 3260; x_wconf 82' lang='lat' dir='ltr'>quid?</span> <span class='ocrx_word' id='word_1_227' title='bbox 1065 3185 1133 3243; x_wconf 90' lang='lat' dir='ltr'>tam</span> <span class='ocrx_word' id='word_1_228' title='bbox 1155 3199 1235 3266; x_wconf 90' lang='lat' dir='ltr'>vano</span> <span class='ocrx_word' id='word_1_229' title='bbox 1259 3200 1350 3242; x_wconf 91' lang='lat' dir='ltr'>usum</span> <span class='ocrx_word' id='word_1_230' title='bbox 1373 3199 1469 3259; x_wconf 89' lang='lat' dir='ltr'>argu·</span> 
     </span>
     <span class='ocr_line' id='line_1_29' title="bbox 355 3280 1470 3365; baseline 0.001 -21"><span class='ocrx_word' id='word_1_231' title='bbox 355 3288 462 3346; x_wconf 89' lang='lat' dir='ltr'>mento</span> <span class='ocrx_word' id='word_1_232' title='bbox 491 3284 620 3362; x_wconf 70' lang='lat' dir='ltr'>poetam</span> <span class='ocrx_word' id='word_1_233' title='bbox 649 3281 816 3344; x_wconf 86' lang='lat' dir='ltr'>credamus</span> <span class='ocrx_word' id='word_1_234' title='bbox 841 3283 978 3346; x_wconf 86' lang='lat' dir='ltr'>edictum</span> <span class='ocrx_word' id='word_1_235' title='bbox 1002 3282 1153 3365; x_wconf 86' lang='lat' dir='ltr'>principis</span> <span class='ocrx_word' id='word_1_236' title='bbox 1176 3280 1326 3346; x_wconf 81' lang='lat' dir='ltr'>elusisse?</span> <span class='ocrx_word' id='word_1_237' title='bbox 1370 3281 1470 3345; x_wconf 91' lang='lat' dir='ltr'>immo</span> 
     </span>
     <span class='ocr_line' id='line_1_30' title="bbox 354 3381 1472 3467; baseline -0.001 -20"><span class='ocrx_word' id='word_1_238' title='bbox 354 3383 395 3447; x_wconf 90' lang='lat' dir='ltr'>ad</span> <span class='ocrx_word' id='word_1_239' title='bbox 426 3383 504 3447; x_wconf 94' lang='lat' dir='ltr'>illud</span> <span class='ocrx_word' id='word_1_240' title='bbox 535 3383 618 3464; x_wconf 89' lang='lat' dir='ltr'>quod</span> <span class='ocrx_word' id='word_1_241' title='bbox 653 3382 795 3447; x_wconf 87' lang='lat' dir='ltr'>versibus</span> <span class='ocrx_word' id='word_1_242' title='bbox 832 3386 869 3448; x_wconf 87' lang='grc'>31</span> <span class='ocrx_word' id='word_1_243' title='bbox 900 3406 946 3467; x_wconf 86' lang='lat' dir='ltr'>sq.</span> <span class='ocrx_word' id='word_1_244' title='bbox 979 3388 1111 3466; x_wconf 85' lang='lat' dir='ltr'>exoptat</span> <span class='ocrx_word' id='word_1_245' title='bbox 1143 3382 1253 3447; x_wconf 83' lang='lat' dir='ltr'>Gallus</span> <span class='ocrx_word' id='word_1_246' title='bbox 1287 3389 1324 3446; x_wconf 92' lang='lat' dir='ltr'>ut</span> <span class='ocrx_word' id='word_1_247' title='bbox 1358 3381 1472 3446; x_wconf 86' lang='lat' dir='ltr'>infelix</span> 
     </span>
     <span class='ocr_line' id='line_1_31' title="bbox 355 3484 1470 3569; baseline 0.001 -20"><span class='ocrx_word' id='word_1_248' title='bbox 355 3506 446 3549; x_wconf 90' lang='lat' dir='ltr'>amor</span> <span class='ocrx_word' id='word_1_249' title='bbox 467 3506 541 3549; x_wconf 92' lang='lat' dir='ltr'>suus</span> <span class='ocrx_word' id='word_1_250' title='bbox 563 3486 604 3550; x_wconf 92' lang='lat' dir='ltr'>ab</span> <span class='ocrx_word' id='word_1_251' title='bbox 627 3486 776 3569; x_wconf 89' lang='lat' dir='ltr'>agricolis</span> <span class='ocrx_word' id='word_1_252' title='bbox 799 3484 1376 3569; x_wconf 68' lang='grc'><strong>11111111111111111111111111111116)</strong></span> <span class='ocrx_word' id='word_1_253' title='bbox 1399 3506 1470 3550; x_wconf 90' lang='lat' dir='ltr'>rec·</span> 
     </span>
    </p>
   </div>
   <div class='ocr_carea' id='block_1_3' title="bbox 355 3639 1470 4391">
    <p class='ocr_par' dir='ltr' id='par_1_6' title="bbox 355 3639 1470 3794">
     <span class='ocr_line' id='line_1_32' title="bbox 444 3639 1470 3709; baseline 0 -18"><span class='ocrx_word' id='word_1_254' title='bbox 444 3639 463 3705; x_wconf 89' lang='lat'>¹)</span> <span class='ocrx_word' id='word_1_255' title='bbox 482 3656 544 3692; x_wconf 84' lang='lat' dir='ltr'>num</span> <span class='ocrx_word' id='word_1_256' title='bbox 568 3639 640 3709; x_wconf 92' lang='lat' dir='ltr'>quod</span> <span class='ocrx_word' id='word_1_257' title='bbox 659 3640 774 3692; x_wconf 87' lang='lat' dir='ltr'>detineri</span> <span class='ocrx_word' id='word_1_258' title='bbox 793 3642 820 3692; x_wconf 94' lang='lat' dir='ltr'>in</span> <span class='ocrx_word' id='word_1_259' title='bbox 839 3642 922 3693; x_wconf 89' lang='lat' dir='ltr'>armis</span> <span class='ocrx_word' id='word_1_260' title='bbox 942 3640 974 3694; x_wconf 88' lang='lat' dir='ltr'>G.</span> <span class='ocrx_word' id='word_1_261' title='bbox 993 3641 1094 3694; x_wconf 89' lang='lat' dir='ltr'>dicitur</span> <span class='ocrx_word' id='word_1_262' title='bbox 1111 3639 1184 3693; x_wconf 90' lang='lat' dir='ltr'>haud</span> <span class='ocrx_word' id='word_1_263' title='bbox 1202 3643 1278 3692; x_wconf 87' lang='lat' dir='ltr'>recte</span> <span class='ocrx_word' id='word_1_264' title='bbox 1295 3639 1330 3692; x_wconf 85' lang='lat' dir='ltr'>ad</span> <span class='ocrx_word' id='word_1_265' title='bbox 1348 3639 1470 3692; x_wconf 84' lang='lat' dir='ltr'>animum</span> 
     </span>
     <span class='ocr_line' id='line_1_33' title="bbox 355 3724 1385 3794; baseline 0.001 -19"><span class='ocrx_word' id='word_1_266' title='bbox 355 3725 413 3776; x_wconf 90' lang='lat' dir='ltr'>eius</span> <span class='ocrx_word' id='word_1_267' title='bbox 431 3725 460 3775; x_wconf 88' lang='lat' dir='ltr'>in</span> <span class='ocrx_word' id='word_1_268' title='bbox 478 3727 575 3777; x_wconf 87' lang='lat' dir='ltr'>eastris</span> <span class='ocrx_word' id='word_1_269' title='bbox 594 3724 708 3778; x_wconf 88' lang='lat' dir='ltr'>Gallicis</span> <span class='ocrx_word' id='word_1_270' title='bbox 726 3731 882 3780; x_wconf 85' lang='lat' dir='ltr'>versantem</span> <span class='ocrx_word' id='word_1_271' title='bbox 900 3726 1012 3781; x_wconf 84' lang='lat' dir='ltr'>Servius</span> <span class='ocrx_word' id='word_1_272' title='bbox 1030 3726 1075 3794; x_wconf 89' lang='lat' dir='ltr'>(ad</span> <span class='ocrx_word' id='word_1_273' title='bbox 1095 3726 1144 3779; x_wconf 87' lang='lat' dir='ltr'>ecl.</span> <span class='ocrx_word' id='word_1_274' title='bbox 1163 3724 1191 3777; x_wconf 90' lang='lat' dir='ltr'>X</span> <span class='ocrx_word' id='word_1_275' title='bbox 1208 3728 1253 3787; x_wconf 77' lang='lat'>46)</span> <span class='ocrx_word' id='word_1_276' title='bbox 1272 3724 1385 3777; x_wconf 87' lang='lat' dir='ltr'>rettulit.</span> 
     </span>
    </p>

    <p class='ocr_par' dir='ltr' id='par_1_7' title="bbox 442 3808 1262 3881">
     <span class='ocr_line' id='line_1_34' title="bbox 442 3808 1262 3881; baseline 0 -19"><span class='ocrx_word' id='word_1_277' title='bbox 442 3808 464 3874; x_wconf 77' lang='lat'>²)</span> <span class='ocrx_word' id='word_1_278' title='bbox 484 3809 576 3864; x_wconf 83' lang='lat' dir='ltr'>Fleck.</span> <span class='ocrx_word' id='word_1_279' title='bbox 595 3809 695 3863; x_wconf 87' lang='lat' dir='ltr'>Annal.</span> <span class='ocrx_word' id='word_1_280' title='bbox 717 3816 782 3864; x_wconf 82' lang='lat'>1864</span> <span class='ocrx_word' id='word_1_281' title='bbox 800 3830 826 3880; x_wconf 90' lang='lat' dir='ltr'>p.</span> <span class='ocrx_word' id='word_1_282' title='bbox 842 3815 891 3866; x_wconf 77' lang='lat'>654</span> <span class='ocrx_word' id='word_1_283' title='bbox 910 3829 949 3881; x_wconf 89' lang='lat' dir='ltr'>sq.</span> <span class='ocrx_word' id='word_1_284' title='bbox 968 3812 1032 3864; x_wconf 88' lang='lat' dir='ltr'>edit.</span> <span class='ocrx_word' id='word_1_285' title='bbox 1051 3811 1159 3864; x_wconf 74' lang='grc' dir='ltr'>Β11111.7</span> <span class='ocrx_word' id='word_1_286' title='bbox 1176 3828 1202 3878; x_wconf 93' lang='lat' dir='ltr'>p.</span> <span class='ocrx_word' id='word_1_287' title='bbox 1221 3815 1262 3862; x_wconf 87' lang='grc'>68.</span> 
     </span>
    </p>

    <p class='ocr_par' dir='ltr' id='par_1_8' title="bbox 355 3891 1468 4049">
     <span class='ocr_line' id='line_1_35' title="bbox 443 3891 1468 3966; baseline -0.002 -18"><span class='ocrx_word' id='word_1_288' title='bbox 443 3896 464 3961; x_wconf 80' lang='lat'>³)</span> <span class='ocrx_word' id='word_1_289' title='bbox 482 3897 510 3948; x_wconf 89' lang='lat' dir='ltr'>in</span> <span class='ocrx_word' id='word_1_290' title='bbox 528 3896 632 3949; x_wconf 90' lang='lat' dir='ltr'>Donati</span> <span class='ocrx_word' id='word_1_291' title='bbox 656 3897 728 3949; x_wconf 89' lang='lat' dir='ltr'>enim</span> <span class='ocrx_word' id='word_1_292' title='bbox 746 3898 832 3950; x_wconf 83' lang='lat' dir='ltr'>vitam</span> <span class='ocrx_word' id='word_1_293' title='bbox 851 3897 1060 3966; x_wconf 85' lang='lat' dir='ltr'>interpolatione</span> <span class='ocrx_word' id='word_1_294' title='bbox 1077 3895 1130 3949; x_wconf 89' lang='lat' dir='ltr'>hoc</span> <span class='ocrx_word' id='word_1_295' title='bbox 1148 3895 1253 3948; x_wconf 89' lang='lat' dir='ltr'>illatum</span> <span class='ocrx_word' id='word_1_296' title='bbox 1271 3899 1325 3960; x_wconf 87' lang='grc'><strong>111,</strong></span> <span class='ocrx_word' id='word_1_297' title='bbox 1349 3893 1383 3947; x_wconf 85' lang='grc'>11.</span> <span class='ocrx_word' id='word_1_298' title='bbox 1403 3891 1468 3947; x_wconf 88' lang='lat' dir='ltr'>Pro·</span> 
     </span>
     <span class='ocr_line' id='line_1_36' title="bbox 355 3979 468 4049; baseline 0.009 -18"><span class='ocrx_word' id='word_1_299' title='bbox 355 3979 408 4049; x_wconf 88' lang='lat' dir='ltr'>leg.</span> <span class='ocrx_word' id='word_1_300' title='bbox 426 3984 468 4032; x_wconf 83' lang='lat'>22.</span> 
     </span>
    </p>

    <p class='ocr_par' dir='ltr' id='par_1_9' title="bbox 442 4064 1240 4135">
     <span class='ocr_line' id='line_1_37' title="bbox 442 4064 1240 4135; baseline 0 -17"><span class='ocrx_word' id='word_1_301' title='bbox 442 4065 464 4127; x_wconf 81' lang='lat'>⁴)</span> <span class='ocrx_word' id='word_1_302' title='bbox 483 4064 518 4118; x_wconf 88' lang='lat' dir='ltr'>cf.</span> <span class='ocrx_word' id='word_1_303' title='bbox 536 4065 630 4132; x_wconf 81' lang='grc'><strong>111111,</strong></span> <span class='ocrx_word' id='word_1_304' title='bbox 649 4065 666 4118; x_wconf 90' lang='lat' dir='ltr'>l.</span> <span class='ocrx_word' id='word_1_305' title='bbox 684 4083 707 4119; x_wconf 91' lang='lat' dir='ltr'>c.</span> <span class='ocrx_word' id='word_1_306' title='bbox 726 4083 752 4134; x_wconf 95' lang='lat' dir='ltr'>p.</span> <span class='ocrx_word' id='word_1_307' title='bbox 771 4070 821 4118; x_wconf 88' lang='grc'>796</span> <span class='ocrx_word' id='word_1_308' title='bbox 839 4066 902 4119; x_wconf 90' lang='lat' dir='ltr'>adn.</span> <span class='ocrx_word' id='word_1_309' title='bbox 922 4071 963 4121; x_wconf 83' lang='lat'>16.</span> <span class='ocrx_word' id='word_1_310' title='bbox 999 4066 1143 4135; x_wconf 77' lang='lat' dir='ltr'>Przygode</span> <span class='ocrx_word' id='word_1_311' title='bbox 1159 4072 1240 4135; x_wconf 68' lang='grc'><strong>1149.</strong></span> 
     </span>
    </p>

    <p class='ocr_par' dir='ltr' id='par_1_10' title="bbox 427 4149 923 4220">
     <span class='ocr_line' id='line_1_38' title="bbox 427 4149 923 4220; baseline 0 -16"><span class='ocrx_word' id='word_1_312' title='bbox 427 4151 464 4215; x_wconf 25' lang='lat'>⁴⁶)</span> <span class='ocrx_word' id='word_1_313' title='bbox 483 4149 517 4205; x_wconf 87' lang='lat' dir='ltr'>ef.</span> <span class='ocrx_word' id='word_1_314' title='bbox 536 4149 630 4207; x_wconf 87' lang='lat' dir='ltr'>Bueol,</span> <span class='ocrx_word' id='word_1_315' title='bbox 649 4155 824 4205; x_wconf 85' lang='lat' dir='ltr'>commentar.</span> <span class='ocrx_word' id='word_1_316' title='bbox 842 4169 868 4220; x_wconf 93' lang='lat' dir='ltr'>p.</span> <span class='ocrx_word' id='word_1_317' title='bbox 882 4156 923 4204; x_wconf 82' lang='lat'>69.</span> 
     </span>
    </p>

    <p class='ocr_par' dir='ltr' id='par_1_11' title="bbox 357 4235 1470 4391">
     <span class='ocr_line' id='line_1_39' title="bbox 443 4235 1470 4306; baseline -0.001 -18"><span class='ocrx_word' id='word_1_318' title='bbox 443 4238 465 4301; x_wconf 76' lang='lat'>⁶)</span> <span class='ocrx_word' id='word_1_319' title='bbox 484 4252 602 4305; x_wconf 88' lang='lat' dir='ltr'>namque</span> <span class='ocrx_word' id='word_1_320' title='bbox 619 4236 671 4289; x_wconf 90' lang='lat' dir='ltr'>hoc</span> <span class='ocrx_word' id='word_1_321' title='bbox 688 4252 771 4289; x_wconf 91' lang='lat' dir='ltr'>unum</span> <span class='ocrx_word' id='word_1_322' title='bbox 790 4238 818 4287; x_wconf 91' lang='lat' dir='ltr'>in</span> <span class='ocrx_word' id='word_1_323' title='bbox 831 4236 955 4290; x_wconf 86' lang='lat' dir='ltr'>versibus</span> <span class='ocrx_word' id='word_1_324' title='bbox 967 4253 1050 4306; x_wconf 87' lang='lat' dir='ltr'>supra</span> <span class='ocrx_word' id='word_1_325' title='bbox 1061 4236 1179 4289; x_wconf 86' lang='lat' dir='ltr'>laudatis</span> <span class='ocrx_word' id='word_1_326' title='bbox 1191 4238 1279 4289; x_wconf 88' lang='lat' dir='ltr'>inesse</span> <span class='ocrx_word' id='word_1_327' title='bbox 1291 4251 1380 4305; x_wconf 87' lang='lat' dir='ltr'>neque</span> <span class='ocrx_word' id='word_1_328' title='bbox 1392 4235 1470 4303; x_wconf 91' lang='lat' dir='ltr'>quid-</span> 
     </span>
     <span class='ocr_line' id='line_1_40' title="bbox 357 4320 1469 4391; baseline 0.001 -20"><span class='ocrx_word' id='word_1_329' title='bbox 357 4337 439 4388; x_wconf 84' lang='lat' dir='ltr'>quam</span> <span class='ocrx_word' id='word_1_330' title='bbox 459 4323 486 4372; x_wconf 94' lang='lat' dir='ltr'>in</span> <span class='ocrx_word' id='word_1_331' title='bbox 505 4322 616 4373; x_wconf 84' lang='lat' dir='ltr'>incunte</span> <span class='ocrx_word' id='word_1_332' title='bbox 635 4325 755 4374; x_wconf 76' lang='grc'><strong>11111131</strong></span> <span class='ocrx_word' id='word_1_333' title='bbox 779 4321 859 4374; x_wconf 85' lang='lat' dir='ltr'>simul</span> <span class='ocrx_word' id='word_1_334' title='bbox 878 4322 1043 4375; x_wconf 88' lang='lat' dir='ltr'>audiendum</span> <span class='ocrx_word' id='word_1_335' title='bbox 1061 4326 1128 4391; x_wconf 88' lang='lat' dir='ltr'>puto</span> <span class='ocrx_word' id='word_1_336' title='bbox 1140 4323 1193 4374; x_wconf 88' lang='lat' dir='ltr'>nisi</span> <span class='ocrx_word' id='word_1_337' title='bbox 1205 4320 1284 4375; x_wconf 86' lang='lat' dir='ltr'>haec:</span> <span class='ocrx_word' id='word_1_338' title='bbox 1304 4337 1469 4390; x_wconf 82' lang='lat' dir='ltr'>‚qrianquarn</span> 
     </span>
    </p>
   </div>
   <div class='ocr_carea' id='block_1_4' title="bbox 0 0 1607 4996">
    <p class='ocr_par' dir='ltr' id='par_1_12' title="bbox 0 0 1607 4996">
     <span class='ocr_line' id='line_1_41' title="bbox 0 0 1607 4996; baseline 0 0"><span class='ocrx_word' id='word_1_339' title='bbox 0 0 1607 4996; x_wconf 95' lang='lat' dir='ltr'> </span> 
     </span>
    </p>
   </div>
  </div>
 </body>
</html>
