3194 4996
796 371 1010 432 „40-v

349 561 409 622 que
433 539 568 622 ,Primo‘,
592 540 695 623 inquit
716 547 821 624 po‘dta,
844 538 1067 622 ,pastoralibus
1090 540 1283 605 carminibus
1302 541 1346 605 ad
1360 540 1459 606 Theo·

348 642 420 706 criti
450 642 579 707 modum
610 643 824 725 exprimendis
855 664 984 725 operam
1012 641 1098 707 dedi:
1130 664 1150 706 a
1177 642 1290 725 quibus
1319 664 1391 707 eum
1419 643 1460 708 ad

347 744 509 808 heroicum
533 765 661 810 carmen
683 767 733 810 me
756 752 900 809 avertere
924 744 1045 825 vellem,
1069 744 1181 827 Apollo
1205 767 1255 809 me
1274 745 1462 810 dehortatus

347 853 395 910 est
419 854 452 910 et
473 848 506 910 in
529 847 633 912 officio
649 850 814 912 Musarum
836 849 1008 930 agrestium
1028 849 1167 913 retinuit.
1205 868 1303 931 quare
1318 849 1373 913 alii
1387 853 1461 913 tuas

346 949 466 1028 laudes,
490 952 584 1030 Vere,
608 954 640 1013 et
662 950 766 1014 civilia
787 949 873 1014 bella
894 949 1107 1032 perscribant3
1132 971 1191 1032 ego
1212 952 1309 1015 etiam
1323 951 1462 1033 amplius

346 1053 378 1114 in
403 1052 548 1117 bucolica
569 1053 659 1134 poesi
681 1052 882 1134 permanebo,
907 1074 1001 1134 quam
1022 1053 1127 1118 colere
1143 1074 1163 1116 a
1178 1055 1238 1119 deo
1253 1055 1356 1118 iussus
1371 1060 1461 1117 sum‘.

432 1155 520 1218 Haec
543 1156 570 1218 si
591 1159 678 1218 recte
702 1155 847 1238 exposita
868 1162 942 1218 sunt
963 1176 1026 1219 uon
1047 1160 1180 1238 possunt
1200 1157 1260 1220 nisi
1274 1158 1461 1239 priusquam

346 1256 386 1321 ad
409 1257 565 1338 Georgica
579 1257 736 1338 Vergilius
760 1278 793 1322 se
817 1262 1020 1322 converteret
1040 1259 1158 1340 scripta
1181 1279 1259 1323 esse.
1288 1260 1405 1341 quippe
1428 1259 1461 1322 in

346 1359 432 1423 nullo
456 1360 519 1426 alio
543 1361 718 1424 carminum
740 1380 855 1442 genere
879 1361 940 1423 nisi
962 1359 1108 1424 bucolico
1131 1366 1199 1425 tum
1222 1361 1394 1445 quidquam
1418 1360 1461 1427 ab

346 1483 384 1527 eo
408 1463 587 1545 profectum
609 1463 705 1527 fuisse
729 1482 768 1525 ex
789 1462 851 1526 hac
874 1463 986 1543 ecloga
1008 1463 1165 1527 discimus.

431 1564 639 1630 Levissimum
662 1565 797 1646 denique
818 1573 1039 1647 argumentum
1055 1586 1093 1628 ex
1108 1569 1242 1648 paginae
1257 1587 1335 1633 voce
1351 1571 1389 1650 (v.
1410 1571 1460 1648 12)

346 1667 523 1750 Schaperus
554 1668 696 1751 repetiit:
729 1688 810 1749 (luae
843 1689 914 1731 cum
942 1667 982 1731 ab
1009 1667 1079 1731 aliis
1106 1668 1190 1732 illius
1218 1672 1332 1734 aetatis
1355 1671 1462 1754 poetis

346 1771 457 1834 eodem
489 1770 551 1853 quo
581 1791 707 1834 carmen
736 1791 830 1835 sensu
858 1770 1048 1835 adhibeatur
1072 1771 1122 1854 (cf.
1146 1773 1459 1855 Prop.11134‚89.

345 1874 388 1937 IV
417 1879 441 1954 l,
470 1877 515 1936 II.
539 1878 567 1953 3,
591 1876 658 1955 21),
685 1894 749 1936 non
776 1873 927 1954 intellego
957 1894 1013 1935 cur
1039 1894 1060 1936 a
1087 1872 1250 1939 bucolicae
1272 1876 1378 1957 poesis
1399 1897 1461 1938 usu

345 1976 517 2040 abhorreat
539 1975 590 2060 (of.
613 1976 743 2039 IIolster
765 1996 795 2056 p.
815 1978 896 2058 108).

431 2076 519 2155 Quod
550 2079 700 2160 quoniam
721 2077 871 2159 Schaperi
898 2082 1087 2159 argumenta
1113 2085 1198 2142 stare
1225 2100 1288 2143 non
1316 2087 1461 2161 possunt,

345 2180 386 2244 ab
409 2201 448 2244 ea
469 2181 623 2261 temporis
645 2180 826 2244 definitione
849 2200 945 2261 quam
968 2201 1006 2242 ex
1025 2181 1189 2262 prooemio
1212 2181 1304 2245 huius
1328 2183 1460 2264 eclogae

345 2283 437 2347 nobis
459 2283 644 2347 videbamur
667 2303 860 2364 cognoscere
883 2282 961 2344 nihil
983 2290 1032 2346 est
1054 2284 1139 2365 quod
1161 2285 1356 2350 recedamus.

401 2504 405 2512 ·
429 2473 508 2537 Post
530 2479 652 2536 sextam
675 2471 844 2535 inserenda¹
864 2470 987 2534 videtur
1010 2471 1120 2552 ecloga
1142 2485 1259 2552 octavu,
1290 2494 1371 2554 quae
1394 2495 1459 2555 quo

344 2584 488 2660 tompore
520 2575 701 2656 conscripta
732 2575 773 2637 sit
804 2595 843 2638 ex
873 2574 1054 2638 honorificis
1081 2575 1184 2637 verbis
1213 2575 1253 2639 ad
1283 2576 1459 2641 Pollionem

345 2680 426 2744 datis
449 2679 621 2743 clarissime
645 2678 755 2741 elucet.
801 2697 937 2759 namque
960 2676 1000 2742 ad
1024 2676 1196 2741 Pollionem
1220 2701 1328 2742 vorsus
1352 2681 1459 2743 6--13

345 2789 490 2865 spectare
522 2802 580 2845 nec
611 2786 698 2845 recte
729 2780 790 2843 hoc
817 2802 837 2844 a
864 2780 1024 2863 Schapero
1054 2783 1092 2862 (v.
1115 2780 1224 2845 Bucol.
1251 2785 1459 2846 commentar.

345 2908 374 2967 p.
396 2889 506 2969 bdsbl)
528 2883 708 2966 impugnari
730 2889 815 2965 puto.
861 2872 914 2965 qui
936 2887 1112 2964 Augustum
1136 2882 1184 2945 his
1207 2884 1349 2948 versibus
1370 2885 1459 2949 invo-

346 2989 412 3052 cari
439 3009 478 3051 ex
505 2987 612 3051 Servio
642 2985 778 3068 collegit.
825 3006 1005 3067 quanquam
1033 3006 1072 3048 ne
1101 2985 1235 3049 aliorum
1263 2985 1389 3067 quidem
1418 2987 1460 3050 ad

344 3091 521 3157 Pollionem
548 3089 621 3152 iIIos
648 3087 852 3152 referentium
874 3088 906 3151 in
930 3087 1048 3151 eisdem
1073 3087 1308 3151 commentariis
1331 3088 1459 3153 silentio

344 3199 531 3276 premuntur
558 3192 723 3273 opiniones
752 3191 898 3267 (maxime
926 3189 1016 3254 adv.
1042 3191 1081 3252 10
1104 3197 1137 3253 et
1162 3193 1221 3272 12).
1266 3191 1326 3254 hae
1350 3198 1459 3256 autem

344 3297 445 3361 multa
466 3294 586 3359 habent
608 3291 721 3374 quibus
743 3293 1012 3357 commendentur.

431 3398 571 3462 Primum
596 3397 678 3459 enim
701 3395 798 3459 verba
820 3417 901 3477 quae
924 3403 996 3459 sunt
1019 3396 1099 3475 ,sola
1112 3395 1287 3477 Sophocleo
1311 3403 1367 3460 tua
1387 3418 1456 3460 oar-

344 3503 430 3564 mina
452 3499 547 3580 digna
570 3487 734 3562 cothurno‘
758 3501 796 3581 (v.
816 3501 866 3581 10)
889 3498 1092 3563 artificiosius
1107 3497 1184 3561 mihi
1201 3498 1345 3562 videntur
1359 3499 1457 3562 inter-

343 3601 465 3686 pretari
493 3601 546 3682 qui
575 3600 613 3664 de
640 3600 769 3664 victoris
796 3600 997 3682 imperatoris
1021 3600 1165 3665 laudibus
1186 3601 1363 3683 Sophocleo
1386 3605 1457 3665 tan-

343 3712 410 3769 tum
440 3704 595 3769 cothurno
619 3703 721 3784 dignis
744 3723 783 3766 ea
805 3702 893 3784 loqui
917 3702 1024 3767 dicant
1047 3707 1085 3786 (v.
1110 3703 1249 3766 Servium
1274 3703 1314 3767 ad
1335 3703 1365 3766 h.
1389 3704 1457 3787 I.I.¹)

344 3829 415 3871 narn
442 3813 507 3885 ,tua
529 3807 680 3869 carmina‘
703 3805 786 3869 idem
809 3805 915 3869 valere
938 3806 1023 3887 quod
1046 3807 1187 3870 carmina
1210 3806 1249 3869 de
1271 3807 1334 3870 tuis
1357 3806 1457 3870 laudi·

433 4012 451 4076 ¹)
470 4027 525 4079 qua
552 4011 777 4078 interpretatione
800 4027 834 4063 ne
855 4008 1025 4063 Ribbechius
1048 4008 1159 4077 quidem
1178 4008 1312 4062 abstinuit
1330 4009 1413 4070 (ProI.
1433 4015 1457 4076 9,

343 4095 428 4164 praef.
448 4096 489 4149 ed.
509 4098 573 4149 min.
592 4093 717 4161 XXIII),
742 4096 867 4163 quamvis
886 4094 1002 4147 Pollioni
1026 4093 1097 4146 hanc
1120 4094 1243 4163 eclogam
1262 4094 1384 4148 dedicari
1401 4112 1457 4148 non

343 4183 492 4253 negaverit.
529 4185 625 4233 contra
646 4179 843 4246 Nettlrshipius
862 4179 975 4248 (Vergil.
995 4178 1036 4231 ed.
1056 4178 1228 4248 Conington,
1251 4179 1336 4248 praef.
1355 4180 1389 4232 ad
1408 4180 1457 4232 ecl.

343 4266 424 4332 VIII)
448 4266 536 4321 Servii
560 4265 633 4318 iIIam
656 4264 864 4333 explicationem
887 4268 917 4316 ut
939 4264 1055 4331 simplici
1077 4264 1222 4319 verborum
1244 4266 1335 4318 sensui
1359 4281 1455 4332 repug-

344 4355 456 4404 nantem
476 4353 586 4419 respuit.
622 4350 656 4402 rf.
677 4352 758 4403 etium
778 4349 906 4403 Bursiani
924 4350 990 4403 diar.
1013 4354 1087 4416 issa,
1106 4353 1121 4401 2
1139 4367 1165 4418 p.
1185 4354 1239 4403 122.
