3194 4996
837 355 1028 416 -q-

378 543 505 603 nonam,
530 526 590 587 714
615 531 771 606 quartam,
796 528 857 590 715
881 530 1035 604 octavam,
1059 527 1120 588 716
1142 524 1296 589 decimam
1320 525 1497 607 assignavit

379 626 534 708 eclogam.

466 731 502 793 In
519 751 613 812 quem
629 728 809 810 eclogarum
827 729 970 792 ordinem
984 728 1172 794 Martinus
1185 729 1263 812 (Life
1279 731 1314 794 of
1326 729 1446 813 Vergil)
1459 735 1497 794 et

376 832 547 914 Heynius
571 833 615 914 (P.
632 830 764 913 Vergilii
783 831 924 896 Maronis
944 833 1010 896 vita
1023 853 1081 914 per
1096 853 1195 896 annos
1212 831 1345 914 digesta)
1368 837 1492 896 sextam

379 934 426 997 ita
456 933 657 998 inserendam
679 933 826 998 viderunt
846 940 882 998 ut
903 935 988 998 inter
1013 955 1130 999 nonam
1158 938 1191 998 et
1217 941 1365 1016 quartam
1386 935 1493 998 locum

379 1041 514 1099 teneret.
545 1035 648 1100 eidem
676 1035 831 1100 decimam
857 1043 1061 1118 propterres
1083 1036 1270 1102 6611166616
1293 1059 1331 1102 ea
1354 1058 1496 1102 comme·

378 1141 519 1201 moratas
551 1137 584 1201 in
615 1160 733 1203 annum
766 1142 825 1203 717
857 1139 1045 1203 reiecerunt.
1084 1138 1122 1202 de
1157 1139 1353 1222 reliquarum
1383 1145 1493 1204 autem

380 1240 576 1323 temporibus
592 1261 664 1304 cum
679 1240 834 1305 Martinus
856 1241 992 1305 multum
1014 1240 1168 1306 ariolatus
1191 1247 1283 1322 66667,
1306 1242 1366 1306 666
1389 1241 1495 1305 solum

380 1342 523 1426 Heynius
545 1342 623 1407 vidit
645 1342 727 1407 effici
748 1364 859 1426 posse:
883 1344 1026 1425 quintam
1049 1343 1200 1426 eclogam,
1224 1365 1287 1426 qua
1309 1344 1445 1409 alteram
1461 1348 1499 1407 et

378 1445 508 1509 tertiam
539 1445 735 1528 antiquiores
768 1467 836 1511 esse
867 1447 965 1529 ipsius
996 1452 1111 1529 potitae
1142 1445 1325 1512 testimonio
1357 1452 1497 1526 constat,

380 1551 454 1611 ante
477 1568 595 1612 nonam
618 1548 785 1612 exstitisse.

467 1653 569 1732 Atque
600 1650 684 1715 hunc
715 1651 858 1732 proxime
889 1655 1015 1714 secutus
1045 1652 1076 1716 J.
1099 1652 1139 1714 H.
1162 1651 1323 1715 Vossius
1346 1650 1499 1733 (Vergil’s

379 1751 552 1817 L‘andliche
569 1753 723 1819 Gedichte
745 1754 844 1816 Ι-ΙΙ,
870 1755 964 1836 1797)
986 1773 1069 1818 nova
1092 1753 1230 1818 subsidia
1252 1753 1292 1818 ad
1314 1752 1497 1819 definienda

380 1853 563 1937 eclogarum
590 1861 736 1939 tempora
763 1856 810 1919 ita
836 1875 951 1938 parare
980 1855 1100 1919 studuit
1121 1861 1158 1920 67
1179 1855 1293 1938 quibus
1316 1856 1391 1920 anni
1412 1861 1496 1920 tem-

381 1956 512 2038 poribus
544 1957 686 2040 singulae
719 1958 841 2023 cantari
872 1956 1067 2038 fingerentur
1098 1959 1227 2041 eclogae
1255 1958 1498 2024 accuratissime

382 2059 598 2141 investigaret.
629 2059 683 2142 qui
710 2061 755 2125 sic
782 2061 815 2123 in
836 2060 1018 2125 universum
1040 2060 1079 2123 de
1101 2061 1274 2126 Bucolicon
1296 2061 1500 2143 temporibus

380 2160 517 2226 iudicat:
546 2162 619 2227 inde
643 2161 683 2225 ab
706 2183 733 2226 a.
759 2166 817 2226 711
843 2162 1018 2245 Vergilium
1042 2164 1166 2246 eclogas
1189 2165 1404 2247 composuisse
1427 2186 1498 2230 om·

380 2284 500 2347 666666
523 2265 633 2330 decem
656 2285 684 2329 a.
709 2268 769 2329 717
793 2265 936 2331 edidisse.

466 2366 566 2433 Paulo
582 2367 717 2431 artiores
731 2368 905 2433 Bucolioon
920 2371 1073 2435 terminos
1089 2369 1286 2435 constituunt
1302 2368 1501 2450 Spohnius

382 2468 514 2552 (proleg.
536 2469 577 2534 ad
601 2491 696 2534 carm.
720 2470 828 2535 Bucol.
850 2471 883 2535 in
906 2473 979 2537 edit.
999 2473 1264 2556 Heyn-Wagner.
1287 2473 1303 2534 1
1325 2492 1355 2553 p.
1371 2474 1409 2535 21
1436 2477 1495 2554 66.)

380 2576 413 2635 67
438 2575 649 2654 Wagnerus
673 2573 781 2654 (praef.
806 2574 845 2638 ed
867 2574 940 2638 min.
963 2597 993 2658 p.
1010 2576 1093 2658 VH),
1117 2574 1170 2655 qui
1192 2573 1233 2638 ab
1256 2595 1283 2637 6.
1309 2577 1369 2637 712
1393 2594 1499 2655 66666

382 2673 424 2738 ad
446 2695 474 2739 a.
499 2677 560 2739 716
585 2675 712 2757 eclogas
735 2675 880 2741 conditas
902 2697 971 2742 6666
1003 2682 1162 2743 censeant.
1192 2697 1328 2758 quarum
1350 2675 1497 2742 ordinem

381 2776 465 2841 hunc
489 2797 523 2841 66
545 2782 659 2859 putare
682 2778 861 2860 Wagnerus
885 2780 935 2861 (ad
958 2779 1015 2845 ecl.
1037 2779 1129 2863 116.)
1152 2778 1302 2844 ostendit:
1325 2781 1365 2843 Il.
1388 2780 1445 2843 ΙΠ.
1467 2781 1494 2844 V

380 2880 419 2960 (a.
445 2880 527 2962 712).
555 2882 572 2943 Ι
595 2882 633 2961 (a.
658 2882 740 2964 713).
763 2882 818 2946 IX.
841 2884 894 2946 IV.
918 2883 963 2945 VI
985 2885 1023 2966 (a.
1048 2886 1130 2965 714).
1153 2884 1349 2965 71Π(715).
1372 2881 1441 2946 VII.
1464 2883 1495 2948 X

378 2983 472 3063 (716).
495 2981 528 3044 16
551 3003 614 3063 666
636 3003 676 3047 66
698 2983 935 3066 Ladewigius
958 2985 1086 3068 quidem
1108 2985 1254 3066 (Vergil's
1272 2984 1427 3051 Gedichte
1450 2986 1498 3068 1⁵)

378 3089 436 3147 aut
457 3084 679 3149 Benoistius
703 3083 851 3167 (Oeuvres
871 3086 910 3150 de
925 3087 1046 3171 Virgile
1061 3089 1089 3170 Ι)
1113 3086 1283 3170 quidquam
1305 3087 1494 3151 mutandum

378 3186 476 3267 duxit,
500 3208 693 3270 quamquam
715 3207 832 3251 nonam
855 3188 966 3252 eodem
989 3211 1052 3272 quo
1075 3190 1210 3272 primam
1231 3211 1323 3270 anno,
1346 3189 1494 3254 ultimam

379 3309 407 3352 a.
432 3291 492 3352 717
518 3295 621 3354 ortam
645 3310 713 3353 esse
735 3289 849 3354 horum
871 3296 1005 3375 uterque
1028 3292 1175 3375 statuitl)

464 3392 539 3457 Jam
558 3390 642 3456 viam
657 3413 677 3456 a
691 3393 799 3456 Ruaeo
820 3392 941 3474 initam,
965 3415 985 3458 a
1007 3414 1070 3475 qua
1092 3393 1294 3458 aberrassent
1314 3392 1373 3457 viri
1395 3393 1494 3478 docti,

378 3514 462 3558 anno
486 3497 567 3559 1866
591 3493 694 3559 (16666
716 3496 905 3560 monstravit
927 3496 1001 3561 Otto
1024 3494 1273 3576 Ribbeokius,
1297 3496 1352 3578 qui
1374 3498 1498 3576 ,omnia

377 3618 460 3678 6666
491 3598 524 3661 16
554 3617 589 3662 66
621 3602 688 3663 tam
717 3596 841 3663 lubrica
872 3596 1008 3662 stabiliri
1038 3603 1177 3680 possent‘¹
1198 3597 1230 3662 16
1251 3596 1497 3680 Prolegomenis

376 3699 496 3767 criticis
527 3720 609 3782 6666
641 3700 830 3783 conscripsit
864 3699 905 3789 ad
936 3700 1069 3783 Vergilii
1100 3722 1198 3782 opera
1229 3700 1352 3765 maiora
1384 3702 1492 3782 capite

375 3802 481 3885 primo
505 3802 743 3885 diligentissime
766 3802 929 3885 collegit.²)
953 3802 981 3867 is
1004 3803 1166 3885 profectus
1186 3809 1363 3868 aveterum
1385 3824 1491 3886 gram·

465 3974 484 4039 ¹)
509 3977 630 4027 ceterum
651 3973 792 4028 Benoistio
815 3975 964 4044 recognitis
985 3973 1131 4027 Ribbeckii
1154 3973 1359 4044 Prolegomenis
1381 3973 1495 4028 videtur

373 4075 535 4127 persuasum
555 4074 614 4112 esse
635 4060 753 4112 triennio
777 4075 871 4113 omnes
891 4059 995 4113 includi
1018 4075 1096 4128 posse
1124 4059 1232 4129 eclogas
1260 4061 1296 4125 (v.
1316 4058 1438 4113 Oeuvres
1456 4059 1494 4114 de

376 4143 482 4213 Virgile
499 4144 551 4198 vol.
565 4142 594 4195 11
611 4161 637 4213 p.
650 4144 712 4210 XI).

463 4245 483 4311 ²)
511 4247 608 4300 eadem
635 4248 663 4299 in
689 4247 846 4300 narratione
869 4247 902 4301 de
924 4248 983 4301 vita
1005 4251 1033 4300 67
1051 4247 1160 4316 scriptis
1184 4245 1215 4300 P.
1234 4245 1349 4316 Vergilii
1368 4245 1494 4301 Maronis

372 4331 488 4384 editioni
504 4332 602 4385 minori
619 4333 770 4401 praemissa
787 4331 907 4387 breviter
925 4331 1107 4386 adumbravit.
