3194 4996
706 361 898 423 „g-

247 529 384 594 maxime
406 528 638 594 Ribbeckius
660 533 694 593 et
715 528 874 593 Glaserus.
908 550 1043 610 quorum
1072 530 1125 594 ille
1152 530 1184 592 in
1211 529 1363 612 Prolego·

248 633 348 696 menis
370 654 400 714 p.
414 634 537 697 10-13
553 630 704 714 Schaperi
726 632 892 712 opiniones
915 653 943 696 a.
962 635 1043 697 1864
1066 631 1209 713 prolatas
1229 652 1362 713 prorsus

245 733 377 799 infirmis
392 735 451 798 niti
465 734 677 798 fundamentis
693 733 929 799 demonstravit.
955 734 995 799 ad
1014 755 1109 816 quem
1124 735 1155 796 in
1173 733 1362 798 definiendis

247 836 420 902 Bucolicon
443 836 533 901 annis
556 841 659 901 totum
681 857 715 900 se
737 837 901 918 applicans
922 836 1250 920 Bitschofskyus1)
1273 858 1313 901 ne
1328 837 1363 900 in

245 937 419 1003 refellendo
447 937 574 1021 quidem
597 938 758 1021 Schapero
782 940 955 1021 quidquam
977 939 1143 1005 Ribbeckii
1164 939 1362 1021 argumentis

248 1041 373 1106 adiecit.

329 1143 512 1208 Glaserus
543 1164 632 1222 vero,
664 1145 719 1226 qui
748 1145 781 1207 in
813 1144 1042 1209 commentario
1073 1166 1101 1209 a.
1127 1147 1209 1209 1876
1242 1144 1360 1226 edit02)

244 1245 396 1327 Schaperi
427 1246 617 1310 sententiam
649 1248 776 1312 omnino
807 1247 1006 1329 neglexerat,
1030 1268 1112 1311 anno
1135 1253 1209 1328 post
1230 1247 1263 1310 in
1287 1267 1361 1311 cen·

246 1368 320 1414 sura
351 1349 570 1413 commentarii
599 1348 833 1432 Schaperiani3)
866 1370 948 1432 quae
979 1349 1033 1412 ifle
1064 1348 1103 1414 de
1133 1349 1318 1413 retractatis
1341 1371 1362 1414 a

247 1455 344 1533 podta
374 1450 526 1515 bucolicis
558 1451 771 1532 excogitasset
800 1451 1013 1533 improbanda
1045 1471 1114 1516 esse
1147 1452 1276 1516 censuit.
1320 1452 1360 1516 de

245 1552 439 1636 singularum
462 1558 567 1617 autem
592 1554 773 1636 eclogarum
795 1553 992 1636 temporibus
1015 1573 1086 1616 cum
1109 1559 1206 1619 antea
1220 1555 1265 1618 sic
1280 1554 1361 1618 iudi-

245 1664 351 1722 casset
365 1662 400 1720 ut
416 1678 488 1721 oum
510 1655 688 1738 Ladewigio
710 1657 805 1739 plane
829 1657 1058 1737 consentirem)
1081 1657 1248 1738 recognita
1263 1657 1360 1722 Scha-

242 1760 312 1842 peri
334 1759 472 1823 editione
495 1759 603 1841 aliqua
625 1779 664 1822 ex
686 1759 770 1824 illius
792 1759 927 1823 inventis
951 1757 1011 1822 sibi
1032 1758 1280 1841 haudquaquam
1297 1760 1359 1824 dis·

244 1863 361 1944 plicere
394 1862 556 1927 confessus
588 1865 644 1940 est,
676 1867 713 1924 ut
740 1861 956 1944 compluribus
977 1860 1057 1926 locis
1079 1861 1140 1926 sibi
1161 1863 1223 1945 ipsi
1244 1883 1360 1944 parum

245 1970 394 2030 constans
416 1985 436 2028 a
458 1963 618 2046 Schapero
642 1964 857 2047 deprehensus
888 1965 929 2028 sit
959 1963 1075 2046 (Symb.
1097 1964 1211 2030 Joach.
1235 1970 1302 2047 p.4
1326 1971 1359 2030 et

242 2073 282 2133 33
305 2069 373 2150 sq).

326 2170 386 2248 Qui
408 2170 441 2232 in
463 2168 639 2233 Kolsteri
661 2190 787 2251 quoque
809 2168 983 2234 Bucolicon
1006 2169 1234 2236 commentario
1253 2170 1358 2235 novis·

244 2272 322 2336 sime
337 2273 544 2355 conscripto⁵)
568 2271 732 2353 opiniones
749 2293 830 2352 suas,
853 2272 913 2335 etsi
934 2271 1006 2354 plus
1029 2271 1128 2335 semel
1148 2272 1356 2355 improbatas,

241 2395 397 2457 nusquam
428 2379 536 2439 tamen
568 2375 749 2438 accuratius
781 2375 978 2439 examinatas
1001 2394 1070 2438 esse
1094 2374 1265 2439 contendit.
1296 2397 1356 2440 nec

242 2498 306 2541 non
321 2499 340 2541 a
355 2477 593 2560 Kiesslingio
618 2476 656 2540 de
671 2478 800 2542 Asconii
814 2475 947 2541 Pediani
968 2475 1029 2540 fide
1053 2476 1263 2560 disputantess)
1284 2477 1357 2544 illas

245 2579 349 2645 obiter
379 2580 565 2662 perstrictos
596 2579 682 2644 vidit.
714 2586 811 2663 atque
834 2578 949 2643 horum
970 2585 1105 2661 uterque
1127 2579 1160 2643 in
1182 2580 1358 2646 Bucolicon

242 2683 385 2747 terminis
417 2682 646 2747 constituendis
676 2682 885 2747 Ribbeckium
908 2687 941 2745 et
961 2682 1148 2746 memoriam
1171 2684 1355 2765 grammati-

241 2805 351 2848 corum
373 2790 500 2849 secutus
524 2789 581 2864 est,
604 2785 665 2849 nisi
687 2784 772 2867 quod
793 2804 852 2866 per
874 2788 1028 2866 quattuor
1047 2805 1202 2848 annorum
1217 2786 1357 2867 spatium

240 2887 408 2952 Kolsterus
430 2888 601 2953 triennium
623 2887 785 2952 distribuit
808 2891 845 2969 (ιι.
868 2907 897 2967 p.
913 2887 975 2951 XII
999 2891 1031 2950 et
1054 2888 1115 2969 75).
1149 2886 1355 2974 Sellarus⁷)

243 2996 350 3053 autem
378 2994 410 3053 et
440 2991 470 3054 N
477 2990 756 3073 ettleshipius⁸)
789 2989 926 3054 triennio
949 2993 1083 3070 propter
1105 2990 1249 3072 eclogam
1272 2990 1356 3056 deci·

240 3113 326 3156 mam
353 3091 499 3173 neglecto
526 3093 616 3158 annis
640 3095 786 3157 712-17
811 3091 964 3157 Bucolica
991 3093 1172 3175 conscripta
1199 3114 1268 3159 esse
1290 3099 1355 3159 sta·

240 3199 340 3258 tuunt.
357 3197 367 3278 )

329 3401 349 3465 1)
371 3399 476 3465 Quibus
497 3400 666 3469 temporibus
688 3415 796 3470 quoque
818 3400 947 3469 deinceps
971 3399 1066 3453 ordine
1084 3399 1221 3470 Vergilius
1245 3401 1356 3472 eclogas

240 3485 431 3555 composuerit.
466 3484 617 3539 Stockerau
637 3491 709 3539 1876.

327 3570 348 3638 ⁹)
366 3570 397 3624 P.
407 3571 490 3641 Verg.
502 3570 604 3624 Maro's
622 3571 759 3638 Bucolica,
777 3571 844 3624 erkl.
856 3589 882 3623 u.
895 3569 960 3640 hgb.
973 3588 998 3625 v.
1011 3569 1043 3622 E.
1057 3569 1162 3624 Glaser.
1182 3570 1264 3625 Helle
1279 3575 1354 3629 1876.

327 3657 347 3722 ³)
366 3657 400 3710 N.
419 3656 518 3711 Jahrb.
537 3655 555 3709 f.
575 3656 670 3710 Philol.
689 3675 715 3709 u.
733 3655 837 3726 Pttdag.
858 3661 923 3708 1877
943 3655 970 3709 II
988 3673 1015 3724 p.
1029 3660 1079 3708 496
1098 3672 1138 3725 sq.

326 3742 348 3808 4)
368 3742 402 3796 ef.
420 3741 506 3813 praef.
524 3760 551 3811 p.
564 3744 607 3810 213
625 3746 653 3796 et
670 3758 741 3811 quae
759 3741 874 3812 singulis
892 3741 1024 3810 praelusit
1042 3741 1153 3811 eelogis.

327 3829 347 3895 ⁶)
365 3827 482 3897 Vergil's
494 3827 617 3898 Eclogen
629 3829 657 3880 in
669 3827 742 3881 ihrer
754 3825 943 3895 strophisehen
953 3825 1123 3898 Gliederung
1135 3826 1353 3897 nachgewiesen.

238 3913 352 3984 Leipzig
371 3919 445 3969 1882.

325 4001 346 4066 ⁰)
364 4000 446 4052 index
464 3999 525 4053 leet.
545 3997 701 4068 Gryphisw.
723 4005 828 4053 aestate
848 4004 914 4053 1883
932 3998 1122 4053 habendarum
1138 4015 1165 4068 p.
1179 4003 1255 4052 5-6.

326 4086 347 4151 ⁷)
366 4084 426 4137 The
444 4083 550 4138 Roman
567 4090 646 4153 poets
663 4084 678 4136 I
695 4101 721 4152 p.
735 4089 784 4138 133
803 4102 842 4154 sq.

324 4168 347 4236 ⁸)
364 4169 485 4223 Ancient
502 4170 569 4223 lives
588 4168 619 4222 of
634 4170 726 4240 Vergil
743 4187 770 4240 p.
782 4175 816 4224 39
826 4188 866 4240 sq.
885 4169 1000 4240 Vergilii
1012 4186 1096 4238 opera
1107 4169 1174 4223 with
1186 4186 1203 4222 a
1216 4185 1353 4223 commen-

238 4259 301 4324 tary
318 4254 357 4324 by
374 4253 450 4309 John
468 4254 630 4325 Conington.
649 4255 691 4307 4tn
709 4256 812 4309 edition
828 4256 868 4325 by
886 4255 921 4308 H.
940 4254 1102 4324 Nettleship.

325 4339 346 4407 ⁹)
373 4340 435 4394 Hoc
463 4340 685 4394 commentariolo
712 4341 767 4393 iam
794 4343 948 4410 conscripto
970 4341 1041 4394 duae
1064 4340 1262 4410 disputationes
1285 4338 1352 4392 mihi
