3194 4996
688 381 900 444 -2y,.

239 554 272 619 in
293 552 523 620 recentioribus
545 553 617 618 Scb.
634 552 742 637 posuit
756 594 797 603 -
811 551 954 618 versibus
977 553 1072 634 80)81
1097 555 1167 615 erat
1188 550 1348 615 offenden-

240 657 322 739 dum,
349 657 382 722 in
404 656 518 740 quibus
541 656 740 723 continuasse
762 656 865 722 minus
888 655 1050 739 eleganter
1071 653 1267 720 trochaicam
1281 653 1348 719 sine

238 759 503 846 hephthemimeri
516 759 701 827 incisionem
716 764 814 843 po'dta
828 758 1091 842 deprehendatur.
1097 758 1120 842 1)
1139 756 1349 840 elegantiores

239 865 336 946 igitur
362 863 410 929 rei
430 863 583 928 metricae
605 862 722 928 formas
745 884 808 928 non
831 883 956 946 semper
978 862 1010 926 in
1032 860 1135 926 tribus
1155 858 1218 925 illis
1240 880 1349 924 occur-

240 987 310 1032 rere
331 967 533 1052 perspicuum
555 971 613 1031 est.

325 1071 436 1154 Neque
458 1090 605 1135 versuum
627 1069 788 1134 clausulae
812 1065 1085 1152 amphibrachycis
1106 1065 1157 1131 rel
1171 1065 1351 1148 spondaicis

243 1172 404 1240 ordinibus
427 1173 644 1239 conformatae
666 1173 752 1256 quod
773 1173 808 1237 in
828 1173 929 1238 tribus
949 1169 1068 1252 eclogis
1083 1168 1205 1248 desunt,
1229 1189 1301 1232 cum
1318 1168 1351 1232 in

243 1277 355 1342 ceteris
381 1281 431 1341 ter
456 1276 656 1342 inveniantur
683 1279 836 1360 (8181),
863 1274 945 1339 tanti
966 1272 1145 1339 faciendum
1168 1292 1236 1336 esse
1258 1275 1350 1354 puta·

243 1379 315 1462 mm,
345 1379 494 1463 quoniam
524 1401 649 1445 versum
676 1379 850 1463 dispondeo
877 1377 961 1442 haud
989 1381 1119 1442 venuste
1144 1375 1350 1440 terminatum

244 1482 366 1550 insola
389 1483 500 1566 ecloga
521 1483 574 1547 IV.
599 1488 636 1565 (v.
660 1485 711 1566 49)
734 1482 873 1566 positum
894 1480 1043 1546 videmus.

326 1586 447 1653 Graves
470 1592 577 1652 autem
598 1607 745 1653 versuum
767 1585 954 1668 partitiones
976 1582 1187 1650 semitrinaria
1207 1586 1240 1646 et
1259 1583 1351 1647 semi-

245 1689 421 1772 septenaria
449 1688 578 1754 effectas
605 1710 677 1753 cum
699 1689 877 1772 Schaperus
904 1687 1033 1753 vidisset
1059 1685 1261 1751 distinctione
1283 1706 1351 1750 ver·

245 1791 353 1858 borum
378 1796 453 1877 post
479 1792 609 1857 tertium
635 1792 822 1858 trochaeum
849 1790 989 1874 mitigari
1010 1789 1043 1854 in
1066 1787 1211 1854 omnibus
1234 1787 1352 1871 eclogia

246 1896 354 1977 solere,
376 1917 441 1963 noc
464 1901 534 1961 erat
556 1916 613 1961 cur
635 1894 765 1960 doceret
787 1896 869 1960 hanc
890 1893 1076 1959 incisionem
1091 1892 1209 1975 septies
1223 1891 1256 1956 in
1271 1891 1352 1956 anti-

246 1999 414 2082 quioribus,
435 1998 469 2063 in
487 1997 717 2064 recentioribus
732 2003 782 2063 ter
797 2003 938 2082 spretam
953 2017 1022 2062 esse
1037 2000 1079 2080 (p.
1096 1998 1180 2078 781).
1215 2014 1352 2077 namque

245 2101 275 2167 in
300 2102 418 2187 triplici
444 2101 510 2167 iere
538 2123 685 2167 versuum
712 2100 912 2167 multitudine
934 2099 1058 2166 facilius
1080 2104 1209 2182 potitam
1231 2096 1272 2163 ab
1294 2118 1353 2161 usu

246 2205 348 2290 aliquo
380 2205 513 2271 metrico
545 2205 687 2288 quamvis
713 2204 860 2270 sollemni
887 2203 997 2268 habito
1025 2201 1191 2267 deflexisse
1212 2201 1283 2285 quis
1305 2204 1354 2266 est

153 2295 157 2307 ’
246 2310 297 2391 qui
318 2306 503 2392 miretur?²)

329 2410 420 2490 Quod
441 2431 517 2477 vero
539 2410 677 2493 primum
699 2432 808 2476 versus
831 2409 993 2495 dactylum
1016 2430 1088 2474 cum
1108 2408 1153 2473 eis
1168 2429 1249 2492 qnae
1264 2412 1352 2473 ante·

247 2514 360 2581 cedunt
384 2513 542 2580 sententia
570 2514 774 2580 coniunctum
797 2513 923 2596 saepius
944 2512 977 2577 in
999 2511 1100 2577 tribus
1123 2511 1240 2595 eclogis
1262 2532 1352 2594 repe·

246 2618 298 2684 riri
326 2617 404 2683 dicit
425 2621 466 2700 (p.
489 2620 561 2700 114)
585 2617 639 2699 qui
666 2615 703 2681 fit
730 2622 766 2682 ut
792 2616 921 2681 maioris
943 2616 1022 2681 artis
1044 2619 1237 2698 agnoscatur
1260 2615 1353 2680 docu-

246 2726 393 2801 mentum,
403 2721 430 2785 si
444 2720 569 2804 quidem
585 2720 726 2802 spondeo
741 2741 866 2786 versum
880 2719 1049 2785 incohante
1065 2718 1176 2783 eadem
1192 2717 1353 2801 copulatio

247 2823 302 2888 nisi
327 2823 361 2887 in
388 2829 511 2906 septem
539 2823 657 2904 eclogia
683 2844 746 2887 non
769 2822 931 2888 occurrit?
963 2826 1005 2906 (p.
1030 2822 1136 2904 775l3)
1170 2820 1353 2904 quidquod

248 2923 386 2991 ordinem
409 2927 562 3010 quintum,
584 2926 604 2991 i.
625 2947 651 2991 e.
675 2925 836 3010 dactylum
858 2946 930 2990 cum
951 2924 1113 3005 trochaeo,
1136 2945 1298 3008 nunquam
1321 2924 1354 2988 in

247 3030 345 3096 tribus
380 3030 498 3113 eclogis
533 3030 573 3095 ab
610 3030 655 3094 eis
692 3050 773 3113 quae
810 3034 984 3112 sequuntur
1014 3028 1183 3093 diremtum
1213 3027 1354 3093 videmus

248 3136 285 3217 (p.
303 3137 364 3200 718
380 3133 460 3218 sq.)?

328 3237 494 3302 Rariorem
529 3235 668 3302 ehsiouis
697 3258 789 3301 usum
820 3237 950 3302 maioris
981 3255 1050 3300 esse
1082 3233 1160 3299 artis
1190 3239 1277 3299 recte
1308 3234 1356 3299 vir

248 3338 357 3405 doctus
385 3339 548 3423 perspexit
579 3343 621 3424 (p.
638 3341 699 3404 784
722 3340 819 3423 sq.),4)
846 3360 905 3404 nec
936 3337 1133 3404 infitiandum
1161 3342 1210 3402 est
1238 3336 1356 3419 duplici

249 3443 440 3526 synaloepha
462 3444 495 3508 in
516 3442 619 3508 tribus
641 3442 758 3526 eclogis
780 3446 905 3507 tantum
927 3464 991 3507 non
1013 3441 1113 3506 vitata
1132 3460 1278 3505 versuum
1293 3440 1354 3504 ele-

248 3546 387 3626 gantiam
417 3546 582 3629 aliquanto
614 3545 733 3629 augeri.
782 3561 890 3610 verum
921 3543 1062 3629 syllabae
1093 3543 1356 3625 colliquescentes

250 3670 379 3715 caesura
405 3652 462 3713 aut
487 3670 596 3714 sensus
622 3648 793 3712 interstitio
821 3648 1004 3731 diremtae⁵)
1032 3667 1072 3711 ne
1100 3646 1132 3710 in
1158 3645 1357 3728 his·quidem

335 3789 355 3856 ¹)
373 3803 437 3839 nam
455 3785 528 3856 quod
546 3788 575 3840 L.
585 3785 717 3839 Miillerus
735 3787 773 3854 (p.
787 3788 846 3852 185)
865 3789 893 3839 et
904 3783 1071 3838 Ribbeckius
1089 3782 1226 3836 distinctis
1243 3782 1357 3838 vocibus

249 3889 337 3942 ,super
353 3872 516 3928 volitaverit‘
535 3871 679 3942 legendum
698 3874 812 3925 censent
829 3870 890 3924 Soh.
908 3871 936 3922 in
954 3874 1057 3924 textum
1075 3886 1154 3923 suum
1172 3886 1227 3922 non
1245 3871 1356 3938 recepit.

334 3957 355 4025 2)
373 3957 408 4011 cf.
426 3957 560 4025 Ribbeck,
577 3957 649 4011 Prol.
669 3961 708 4010 12.

334 4045 354 4110 3)
371 4048 466 4098 sextae
482 4045 554 4097 enim
571 4060 667 4100 versus
685 4043 758 4111 20121
779 4041 856 4095 hiatu
874 4042 940 4096 satis
958 4043 1029 4096 inter
1046 4057 1076 4094 se
1094 4039 1305 4110 distinguuntur.

334 4130 356 4196 ⁴)
376 4129 411 4184 cf.
429 4128 461 4182 L.
480 4128 588 4196 Milller,
606 4128 639 4181 de
658 4144 687 4181 re
705 4131 783 4182 metr.
800 4145 827 4196 p.
840 4132 898 4181 281.

334 4217 356 4281 5)
373 4231 442 4284 quas
468 4214 541 4283 apud
566 4215 697 4283 optimum
723 4229 859 4283 quemque
885 4218 1006 4283 poetam,
1034 4213 1086 4267 etsi
1107 4227 1190 4282 parce
1212 4209 1357 4278 adhibitas,

250 4300 440 4354 Lachmannus
466 4301 504 4367 (in
532 4299 612 4354 Lucr.
634 4319 660 4369 p.
679 4302 740 4367 413)
767 4299 880 4354 invenit.
920 4299 955 4352 cf.
979 4298 1134 4362 Heumann,
1163 4296 1247 4350 Elem.
1272 4295 1357 4350 doctr

249 4393 324 4441 metr.
343 4405 369 4457 p.
388 4391 428 4443 33.

1420 4554 1563 4710 Γ
