3194 4996
687 362 901 422 -34-

239 529 408 611 septimum
431 529 494 591 iam
517 547 633 590 annum
656 529 859 593 continuatus
875 529 916 592 sit
930 527 1034 593 uerbis
1049 528 1164 610 ,Teque
1181 528 1353 594 adeo-oon-

240 629 316 694 sule‘
348 629 519 712 significari
549 628 634 694 haud
666 630 860 695 crediderim.
906 632 938 694 in
966 629 1080 712 quibus
1102 629 1182 695 haec
1208 630 1355 695 videntur

239 735 356 797 inesse:
388 733 471 812 ,Non
498 732 588 796 annis
616 732 772 815 aliquibus
799 733 986 812 interiectis,
1015 732 1070 796 sed
1096 733 1165 814 ipso
1193 734 1247 815 qui
1269 736 1354 797 nuno

239 835 376 900 volvitur
403 835 451 898 tui
478 835 661 899 consulatus
688 855 771 900 anno
798 856 898 900 novus
925 835 1125 899 saeculorum
1149 833 1226 900 ordo
1249 836 1354 917 ingre-

240 938 354 1003 dietur‘
377 937 428 1020 (cf.
450 938 518 1001 Prz.
540 957 570 1018 p.
588 939 627 1019 1).
673 936 747 1019 quid
770 938 855 1020 quod
877 937 1007 1002 infantis
1029 937 1182 1001 Marcello
1205 958 1244 1001 ex
1266 938 1356 1002 Julia

240 1042 307 1104 nati
335 1062 374 1104 ne
402 1039 488 1121 apud
510 1041 695 1103 Suetonium
726 1040 869 1121 quidem,
896 1041 951 1122 qui
973 1039 1211 1122 diligentissime
1233 1043 1266 1103 in
1289 1041 1356 1106 vita

242 1143 375 1225 Augusti
408 1145 445 1224 (c.
470 1143 608 1223 63-64)
638 1141 676 1206 de
707 1143 862 1224 partubus
893 1145 926 1206 in
956 1142 1050 1207 domo
1078 1142 1235 1209 Caesarea
1261 1142 1355 1208 editis

241 1244 412 1325 rettulerit,
428 1242 494 1307 ulla
510 1245 631 1307 exstitit
645 1244 751 1308 fama?
775 1245 824 1326 (cf.
836 1243 1234 1330 etiamRibbeck.,Pr01eg.
1247 1249 1283 1310 11
1297 1250 1355 1330 sq.)

242 1347 327 1430 qnod
350 1368 426 1411 vero
442 1345 622 1428 Vignolium
646 1348 891 1430 interpretatum
914 1368 983 1412 esse
1006 1346 1055 1427 ,de
1078 1347 1142 1412 filio
1158 1349 1303 1414 Marcelli
1323 1355 1356 1414 et

240 1450 358 1529 duliae,
391 1450 444 1530 qui
471 1448 574 1513 editus
605 1453 679 1513 ante
711 1471 830 1514 nonum
861 1450 944 1514 diem
972 1450 1067 1531 periit
1093 1455 1126 1514 et
1152 1453 1198 1516 ita
1226 1454 1356 1516 nomine

241 1553 352 1617 oaruit‘
376 1553 408 1614 in
431 1549 570 1633 Vergilio
593 1552 830 1618 Burmanniano
861 1553 968 1635 (praef.
992 1552 1032 1616 ad
1055 1553 1111 1616 ecl.
1127 1556 1184 1637 111)
1211 1555 1356 1636 legimus,

240 1655 301 1720 hoc
319 1660 421 1719 totum
440 1653 610 1719 confictum
630 1654 671 1719 ab
684 1653 739 1719 illo
754 1676 794 1719 ex
809 1657 1044 1720 commentariis
1053 1657 1210 1721 Servianis
1220 1661 1358 1740 apparet

240 1760 273 1821 in
299 1757 412 1840 quibus
440 1756 551 1820 eadem
578 1756 645 1820 fere
673 1757 711 1820 de
741 1758 890 1823 Salonino
913 1757 1066 1822 Pollionis
1093 1758 1158 1825 filio
1186 1764 1358 1823 narrentur

241 1862 338 1943 (Serv,
355 1859 395 1923 ad
418 1860 475 1923 ecl.
491 1860 536 1922 IV
562 1863 575 1922 l
599 1864 631 1923 et
651 1862 713 1942 60).
756 1860 837 1924 falso
859 1860 955 1940 igitur
978 1859 1156 1942 Sohaperus
1178 1865 1357 1944 Augustum

240 1964 273 2025 in
295 1962 378 2026 hanc
401 1963 545 2044 eclogam
568 1962 743 2025 inculcasse
767 1961 951 2025 ostenditur.
1299 1963 1301 1967 ’

315 2078 478 2145 ‘Pollionis
504 2085 611 2171 autem
638 2080 826 2144 memoriam
857 2085 893 2144 ut
921 2101 960 2144 ex
986 2081 1048 2146 1100
1076 2083 1216 2146 carmine
1244 2083 1357 2146 exstir-

240 2186 334 2266 paret
360 2181 481 2246 duabus
510 2203 543 2246 se
571 2184 674 2247 causis
696 2186 818 2246 motum
841 2203 909 2246 esse
933 2183 1025 2246 dixit:
1054 2189 1242 2265 argumento
1267 2188 1299 2248 et
1321 2206 1358 2249 re

241 2285 383 2348 metrica.
413 2305 453 2348 ex
468 2284 582 2366 quibus
596 2286 745 2349 metricas
762 2284 998 2350 observationes
1013 2283 1112 2367 pluris
1128 2285 1168 2350 ab
1183 2286 1238 2352 illo
1254 2287 1359 2352 factes

243 2407 312 2452 esse
327 2388 391 2451 iam
407 2408 503 2469 supra
519 2387 753 2478 demonstrasse
768 2386 846 2450 mihi
860 2387 969 2452 videor
984 2391 1024 2470 (p.
1041 2391 1103 2470 28).
1133 2381 1358 2471 argumentum

241 2511 315 2555 vcro
346 2490 438 2554 huius
470 2490 617 2553 carminis
649 2509 721 2553 oum
749 2489 891 2554 Pollione
923 2490 1052 2554 consule
1084 2491 1252 2556 convenire
1283 2491 1358 2558 ideo

240 2598 338 2675 negat
360 2591 445 2674 quod
468 2591 508 2655 ad
532 2613 604 2654 eum
627 2593 680 2674 qui
703 2591 856 2656 secundas
878 2593 910 2655 in
933 2613 967 2656 re
988 2592 1117 2675 publica
1131 2594 1233 2675 egerit
1247 2582 1358 2677 partes

240 2700 349 2759 tantae
377 2715 492 2774 ,rerum
522 2698 684 2776 gestarum
713 2698 745 2757 et
767 2694 823 2757 filii
845 2696 998 2759 nascituri
1020 2694 1139 2759 laudes‘
1166 2696 1278 2766 referri
1305 2699 1358 2760 vix

240 2800 363 2880 possint
386 2796 500 2881 (Symb.
515 2796 628 2861 Joach.
648 2817 678 2878 p.
695 2798 757 2879 21).
797 2802 836 2861 ao
856 2802 944 2861 recte
967 2797 1021 2860 ille
1043 2797 1170 2878 quidem
1192 2799 1359 2864 contendit

241 2922 268 2965 a.
291 2902 365 2979 714,
394 2905 430 2964 ut
452 2906 576 2964 cete'ros
604 2920 715 2965 omnes
742 2901 962 2982 magistratus,
992 2901 1037 2963 sie
1067 2920 1138 2963 eum
1167 2922 1229 2981 quo
1253 2900 1361 2967 Pollio

242 2987 428 3085 fungeretur
454 3001 654 3067 consulatum
681 3003 869 3067 IHvirorum
904 3001 1037 3084 imperio
1069 2991 1229 3067 subiectos
1259 3002 1358 3068 fuisse

243 3105 293 3188 (cf.
316 3104 516 3170 Staatsrecht
536 3106 577 3182 11,
596 3108 610 3167 1
635 3125 665 3187 p.
684 3106 766 3187 700).
804 3092 1037 3186 neque'tamen
1059 3106 1091 3167 in
1114 3104 1257 3169 Pollione
1281 3126 1357 3171 oon-

242 3208 308 3272 0010
331 3213 399 3271 tum
422 3207 524 3290 ipsum
548 3205 670 3270 eximiis
688 3205 834 3271 laudibus
850 3207 1012 3271 celebrato
1027 3207 1103 3270 mihi
1118 3207 1243 3270 videtur
1258 3206 1357 3272 offen-

241 3309 384 3374 dendum.
429 3310 483 3391 qui
509 3309 732 3390 magistratum
759 3310 829 3372 iniit
856 3330 919 3391 quo
951 3314 1095 3393 tempore
1122 3310 1358 3375 Brundusinum

241 3413 351 3477 foedus
378 3413 461 3475 inter
483 3412 655 3476 Antonium
678 3418 711 3475 et
732 3413 901 3478 Caesarem
924 3413 1135 3494 compositum
1158 3411 1233 3476 belli
1255 3413 1358 3478 civilis

240 3521 327 3579 metu
350 3515 448 3579 Italos
471 3512 625 3577 liberavit.
666 3514 727 3578 hoc
750 3518 858 3578 autem
879 3513 989 3577 foedus
1013 3515 1155 3596 quamvis
1178 3537 1240 3578 non
1263 3517 1358 3581 unius

240 3618 339 3681 Asinii
362 3638 460 3700 opera
482 3616 686 3682 conciliatum
709 3617 758 3696 sit,
783 3618 836 3698 qui
858 3615 898 3680 ab
914 3618 1044 3681 Antonii
1065 3617 1209 3699 partibus
1232 3617 1357 3684 adhoc

241 3721 403 3802 negotium
430 3717 515 3784 esset
541 3719 703 3801 delegatus
731 3723 823 3802 (App.
838 3719 867 3782 V
883 3722 949 3801 64),
980 3719 1038 3784 001)
1066 3720 1132 3783 eius
1154 3721 1357 3803 potissimum

241 3822 398 3904 auspiciis,
422 3827 458 3885 ut
479 3826 547 3885 tum
570 3823 673 3904 ipsum
694 3823 797 3886 fasces
819 3823 966 3905 gerentis,
990 3821 1110 3886 factum
1132 3843 1200 3886 esse
1219 3822 1357 3905 putaba-

241 3927 328 4008 tur.¹)
373 3925 532 3988 nascentis
559 3924 655 4006 igitur
683 3924 782 4006 prolis
804 3925 962 3989 fortunam
986 3923 1167 4015 describens
1191 3926 1269 3989 satis
1292 3926 1357 3990 ele·

240 4169 316 4217 retur
341 4179 404 4216 eum
432 4179 449 4216 a
476 4164 565 4232 poetis
587 4180 693 4216 summe
715 4179 808 4216 secum
832 4163 1034 4217 necessitudine
1052 4165 1205 4216 coniunctis
1223 4163 1358 4232 appellari

241 4249 360 4305 voluisse
378 4253 590 4302 consentaneum
609 4254 658 4302 eet.
694 4247 836 4319 Przygode
854 4267 880 4317 p.
895 4254 918 4301 6.

330 4336 351 4400 ¹)
370 4334 405 4388 of.
425 4333 588 4405 Nettleship
607 4334 623 4387 l.
641 4351 665 4389 o.
684 4337 729 4386 47:
751 4333 832 4402 ,Civil
850 4350 907 4389 war
925 4352 981 4387 wes
1000 4334 1161 4404 apparently
1179 4341 1229 4404 put
1246 4351 1283 4387 an
1301 4334 1357 4388 end
