3194 4996
204 1622 266 1733 De
288 1665 422 1748 Vergilii
443 1663 616 1729 Bucolicon
643 1663 840 1746 temporibus
862 1670 1031 1746 postquam
1054 1686 1136 1747 quae
1160 1667 1239 1732 satis

118 1775 212 1834 certo
235 1769 309 1843 sciri
330 1772 460 1850 possent
482 1766 677 1831 Ribbeckius
699 1768 731 1830 in
754 1767 993 1848 Prolegomenis
1016 1767 1173 1850 exposuit,
1191 1775 1241 1834 tot

120 1878 254 1953 tamque
277 1871 419 1935 diversae
442 1869 587 1953 prolatae
611 1873 684 1932 sunt
700 1869 863 1950 opiniones
878 1874 914 1934 ut
928 1891 987 1934 nec
1010 1869 1125 1952 quibus
1145 1872 1240 1937 annis

121 1994 182 2038 nec
207 1964 269 2056 quo
292 1973 441 2054 deinceps
464 1971 574 2036 ordine
590 1971 718 2053 eclogae
734 1971 930 2054 compositae
946 1973 1010 2036 sint
1024 1974 1108 2037 inter
1124 1974 1237 2040 doctos

117 2077 297 2141 eonveniat.
328 2080 424 2158 atque
448 2076 588 2138 omnium
611 2074 746 2138 maxime
769 2074 948 2155 Schaperus
964 2095 984 2138 a
998 2075 1158 2156 prioribus
1174 2075 1237 2140 dis·

122 2179 260 2244 sentiens
282 2178 380 2244 totius
402 2177 494 2241 huius
517 2177 712 2260 quaestionis
732 2175 939 2240 fundamenta
954 2176 1086 2241 disicere
1102 2185 1238 2243 conatus

122 2286 179 2345 est.
210 2281 264 2364 qui
291 2282 351 2345 etsi
377 2280 488 2362 paucis
519 2280 710 2344 sententiam
741 2300 831 2342 suam
862 2279 1022 2360 probavit,
1054 2285 1163 2345 tamen
1194 2281 1235 2345 ad

120 2382 211 2447 illam
242 2382 431 2447 firmandam
461 2383 507 2446 eis
537 2403 611 2446 usus
642 2388 692 2446 est
722 2382 917 2463 argumentis
946 2402 1027 2465 quae
1055 2381 1238 2465 diligentius

123 2487 306 2550 examinare
341 2507 405 2550 non
439 2484 609 2567 paeniteat.
650 2504 753 2565 neque
785 2484 839 2548 alii
870 2483 1037 2549 defuerunt
1069 2485 1123 2567 qui
1153 2507 1238 2551 nova

120 2594 304 2670 temporum
326 2588 443 2652 indicia
464 2608 504 2651 ex
518 2587 595 2669 ipsis
616 2586 807 2652 carminibus
829 2586 1025 2669 indagarent.
1042 2608 1158 2669 operae
1181 2589 1239 2671 igi-

119 2696 177 2754 tur
209 2690 347 2772 pretium
378 2695 427 2754 est
457 2690 539 2752 hanc
560 2708 629 2752 rem
652 2689 755 2754 denuo
778 2694 978 2772 pertractare
1001 2695 1034 2755 et
1056 2690 1238 2755 diiudicatis

123 2793 264 2857 virorum
294 2791 460 2857 doctorum
491 2791 692 2872 opinionibus
722 2792 798 2874 quid
828 2791 920 2857 nobis
947 2797 980 2856 et
1002 2792 1041 2856 de
1064 2793 1237 2857 Bucolicon

120 2896 216 2959 annis
247 2894 360 2978 quibus
394 2894 538 2976 perfecta
569 2899 664 2976 atque
696 2893 783 2958 edita
814 2893 877 2958 sint
907 2900 940 2959 et
971 2894 1010 2958 de
1042 2895 1239 2977 singularum

120 2998 307 3080 eclogarum
328 2995 525 3078 temporibus
548 2996 752 3061 statuendum
774 2996 918 3062 videatur
939 2997 1050 3078 paucis
1071 3018 1242 3080 exponere.

673 3256 698 3318 Ι.

212 3406 271 3484 Qui
292 3407 412 3489 primus
433 3406 472 3470 de
487 3405 660 3471 Bucolicon
677 3407 874 3489 temporibus
890 3407 1017 3490 scripsit
1035 3407 1066 3472 O.
1082 3407 1238 3471 Ruaeus

121 3511 168 3593 (in
201 3530 240 3573 ea
270 3529 366 3591 quam
387 3507 527 3590 Vergilio
559 3529 616 3573 suo
648 3530 675 3573 a.
702 3513 783 3574 1675
809 3509 841 3573 in
864 3531 958 3574 usum
979 3509 1130 3592 Delphini
1152 3509 1239 3575 edito

124 3611 291 3695 praemisit
305 3615 420 3693 poetae
435 3611 512 3694 vita)
535 3610 596 3677 duo
615 3611 695 3677 haec
710 3613 743 3675 in
758 3612 981 3694 disputationis
998 3613 1102 3694 capite
1116 3613 1242 3694 posuit:

125 3715 277 3779 Bucolica
291 3714 428 3778 triennio
451 3713 595 3795 perfecta
617 3719 650 3778 et
672 3715 816 3797 eclogam
831 3714 884 3779 IV.
901 3735 929 3780 a.
947 3718 1008 3779 714
1025 3714 1144 3780 editam
1160 3735 1240 3779 esse.

123 3837 261 3899 quorum
282 3815 360 3879 illud
383 3836 422 3879 ex
444 3814 603 3880 veteribus
625 3817 840 3899 grammaticis
862 3817 1021 3898 hauserat,
1036 3817 1098 3882 hoc
1114 3838 1154 3881 ex
1168 3817 1239 3899 ipsa

125 3919 238 4001 ecloga
260 3918 301 3983 ad
321 3917 498 3983 Pollionem
529 3918 691 3984 consulem
721 3919 852 4003 missa.¹)
882 3920 930 3984 his
961 3941 1036 3984 usus
1067 3919 1243 3984 Bucolicon

124 4021 270 4086 terminis
298 4040 380 4086 anno
406 4023 467 4085 713
491 4020 596 4085 divisis
623 4020 780 4087 Italorum
806 4023 891 4105 agris
913 4022 1027 4104 insigni
1049 4021 1187 4105 primam
1209 4027 1243 4086 et

217 4193 236 4257 ¹)
263 4191 355 4260 itaque
378 4189 555 4246 vehementer
571 4185 661 4246 ¹miror
684 4208 771 4262 nuper
788 4192 902 4264 Vergilii
919 4194 1098 4262 interpretem
1115 4191 1185 4246 haec
1202 4193 1243 4245 ita

126 4276 255 4330 reiecisse
273 4277 353 4346 quasi
371 4293 388 4330 a
405 4277 464 4332 viro
482 4277 527 4330 illo
546 4277 655 4332 doctiss.
675 4280 735 4348 ipso
757 4283 848 4332 essent
869 4277 987 4332 conficta
1015 4281 1051 4344 (v.
1070 4275 1241 4346 Schaperum

125 4362 155 4413 in
175 4361 261 4431 praef.
280 4366 458 4418 commentar.
477 4361 558 4434 Verg.
577 4362 605 4416 1⁰
621 4381 647 4433 p.
661 4362 719 4429 Vl).
