3194 4996
805 364 1019 426 ,21-

353 538 442 618 prius
464 545 559 597 ortam
583 553 651 599 6666
678 534 780 617 ponit:
808 533 841 597 in
866 532 926 598 hac
954 534 1037 598 enim
1063 538 1192 617 puttam
1214 533 1298 617 agris
1321 533 1467 613 eiectum,

357 636 414 701 illa
434 636 467 700 in
491 636 618 702 eosdem
640 635 822 701 restitutum
844 637 981 718 narrari,
1008 656 1111 719 neque
1133 637 1305 720 quidquam
1327 636 1361 701 in
1383 635 1467 702 eclo-

359 740 407 821 gis
431 759 598 805 occurrere
621 739 747 805 curbis
769 739 919 822 expulsus
942 759 1010 804 esse
1033 740 1267 826 existimetur.¹)

444 845 490 917 Ac
515 847 603 908 recte
632 842 757 926 quidem
783 842 835 908 hic
856 861 897 906 ex
918 862 1021 908 nonae
1042 841 1153 925 primis
1174 842 1316 909 versibus
1339 842 1469 926 collegit

359 965 473 1011 novam
510 951 607 1028 atque
638 945 813 1010 inauditam
845 949 960 1028 politae
993 944 1208 1011 calamitatem
1238 946 1301 1011 illis
1333 945 1478 1012 describi

360 1048 411 1133 (cf.
426 1049 550 1114 Krause
565 1070 595 1131 p.
614 1051 654 1114 15
670 1069 716 1130 sq.
738 1046 901 1132 Przygode
923 1068 953 1130 p.
970 1050 1032 1131 30).
1062 1046 1179 1113 etenim
1201 1049 1286 1130 quod
1307 1069 1469 1130 nunquam

360 1171 400 1215 ne
422 1151 482 1218 sibi
504 1151 664 1218 accideret
678 1156 781 1216 metus
795 1149 899 1231 fuerit,
914 1149 946 1215 id
965 1149 1123 1232 ,quoniam
1138 1153 1218 1216 Fors
1233 1152 1340 1216 omnia
1354 1158 1469 1217 versat‘

362 1254 423 1319 sibi
453 1254 606 1320 accidisse
633 1257 671 1340 (v.
694 1255 805 1338 2-6),
837 1257 870 1318 61
897 1273 979 1336 quae
1010 1253 1202 1319 carminibus
1233 1255 1297 1320 suis
1327 1274 1470 1320 servasse

361 1356 485 1423 dicatur
499 1361 639 1442 (i—ltl),
663 1378 702 1423 ea
723 1356 798 1439 ‚tela
812 1356 894 1422 inter
907 1355 1035 1422 Martia‘
1058 1355 1118 1422 sibi
1140 1360 1251 1440 erepta
1270 1378 1339 1422 esse
1354 1359 1473 1424 Noster

360 1461 562 1543 conqueritur
585 1465 635 1545 (11
654 1463 720 1546 sq).
756 1479 859 1542 neque
881 1463 990 1524 tamen
1011 1459 1099 1542 prius
1118 1465 1228 1525 natam
1243 1480 1311 1529 esse
1327 1460 1470 1544 eclogam

359 1586 476 1631 nonam
509 1564 583 1629 iude
618 1563 744 1629 efficere
775 1562 931 1646 cogimur,
968 1562 1139 1629 dummodo
1171 1583 1211 1629 ne
1244 1585 1302 1648 pro
1332 1570 1471 1630 restitutis

358 1668 444 1750 agris
470 1667 574 1750 prima
596 1667 714 1750 gratias
736 1666 789 1750 agi
811 1670 996 1731 statuamus
1040 1664 1073 1730 in
1095 1687 1158 1749 qua
1180 1688 1253 1733 oum
1274 1667 1334 1733 hoc
1356 1667 1471 1750 exponi

362 1770 602 1853 cognoverimus
623 1770 657 1834 in
678 1769 882 1834 finitimorum
905 1789 1054 1851 agrorum
1077 1769 1227 1835 diuisione
1248 1770 1341 1836 unius
1355 1775 1471 1852 poetae

359 1873 524 1957 praedium
550 1872 695 1938 Caesaris
722 1871 826 1956 gratia
854 1881 1002 1935 saeuum
1029 1892 1111 1953 6666,
1143 1872 1182 1937 de
1213 1878 1322 1938 recenti
1349 1872 1471 1954 impetu

359 1997 445 2042 nona
471 1975 629 2059 querellas
655 1974 774 2040 effundi
800 1975 936 2058 (Krause
962 1995 993 2057 p.
1019 1977 1069 2058 16)
1096 1996 1160 2041 non
1186 1983 1235 2042 cst
1264 1975 1349 2059 quod
1376 1976 1469 2041 mire-

359 2101 438 2145 mur.
482 2072 627 2145 beneficii
657 2083 781 2144 autem-
796 2075 881 2143 illius
910 2097 1067 2158 nusquam
1097 2077 1130 2142 in
1157 2081 1217 2144 hac
1244 2078 1356 2163 ecloga
1382 2099 1470 2144 men·

359 2183 478 2248 tionem
501 2181 570 2247 fieri
592 2202 706 2265 parum
728 2185 816 2246 recte
837 2178 897 2246 viri
912 2178 998 2244 docti
1013 2185 1157 2247 statuunt
1171 2181 1364 2266 (Nettleship
1379 2204 1409 2266 p.
1420 2184 1471 2255 42.

366 2288 489 2351 Kranae
511 2307 541 2368 p.
557 2288 629 2368 25),
643 2284 670 2350 61
689 2282 815 2367 quidem
836 2282 1471 2364 ,6111111666111161116166111111166116666

360 2387 540 2454 Menalcan‘
566 2387 629 2452 situ
655 2386 832 2469 finibusque
859 2384 956 2468 agelli
982 2385 1149 2470 descriptis
1171 2388 1306 2473 Lycidas
1332 2408 1470 2455 comme·

361 2497 474 2557 morat.
511 2490 661 2574 usquein
676 2489 764 2555 vanis
786 2488 965 2554 rumoribus
986 2488 1047 2555 hoc
1062 2511 1082 2554 a
1096 2489 1237 2555 Moeride
1254 2493 1304 2575 (11
1319 2493 1378 2575 sq.)
1394 2492 1470 2574 poni

362 2593 533 2678 (Nettlesh.
556 2593 576 2658 l.
599 2593 619 2658 l.
641 2593 765 2659 Krause
788 2613 818 2675 p.
840 2593 892 2676 at)
910 2590 1014 2673 1111166,
1036 2592 1153 2676 quippe
1176 2593 1230 2676 qui
1252 2614 1360 2661 veram
1381 2594 1469 2660 illam

362 2698 401 2762 de
417 2690 582 2763 Menalcae
603 2696 804 2762 immunitate
827 2695 944 2760 famam
966 2695 1071 2777 fuisse,
1094 2696 1151 2760 sed
1172 2702 1240 2761 tum
1255 2697 1366 2762 iamin
1382 2697 1469 2762 dete·

360 2801 426 2866 rius
453 2800 520 2865 eius
546 2821 597 2865 res
623 2803 764 2869 mutatas
791 2784 860 2864 eise
882 2797 1008 2864 doceat:
1036 2819 1111 2864 nam
1133 2798 1217 2881 quod
1239 2803 1336 2865 antea
1357 2800 1469 2866 carmi·

362 2903 454 2968 nibus
477 2903 544 2968 eius
567 2903 676 2969 datum
699 2901 754 2982 611,
779 2901 824 2966 616
846 2899 922 2982 ,tela
942 2901 1025 2965 inter
1046 2901 1172 2966 Martia‘
1194 2922 1257 2967 non
1278 2902 1342 2968 iam
1363 2902 1469 2968 tribui.

361 3006 474 3088 quibus
488 3005 640 3089 neglectis
655 3003 803 3069 effectum
819 3003 1471 3089 6666116111.11-16)111Μ6116166661116

360 3109 511 3192 expulsus
541 3108 574 3173 in
604 3128 761 3173 summum
797 3107 909 3190 capitis
940 3106 1108 3172 discrimen
1138 3109 1259 3174 veniret
1292 3109 1385 3174 166116
1422 3116 1471 3175 661

361 3212 532 3278 intellectu.
575 3211 636 3276 hoc
667 3210 764 3294 igitur
791 3232 829 3276 ex
857 3230 940 3275 nona
969 3208 1080 3291 ecloga
1111 3211 1329 3293 cognoscimus
1355 3218 1471 3296 1166166

361 3336 474 3399 agrum
502 3314 542 3381 ob
571 3313 745 3380 carminum
773 3313 840 3379 eius
868 3312 994 3379 laudem
1021 3312 1183 3397 paulisper
1211 3321 1383 3397 servatum,
1415 3316 1471 3381 sed
1588 3310 1592 3317 ’

361 3417 514 3501 gliscente
540 3417 676 3482 militum
703 3414 854 3482 violentia
882 3416 911 3481 ei
938 3421 1083 3499 ereptum
1110 3437 1179 3481 6666
1201 3438 1260 3482 nec
1282 3418 1417 3485 multum
1438 3419 1472 3484 in

360 3521 421 3586 hac
442 3541 477 3585 16
499 3520 616 3586 afuisse
639 3519 715 3602 quin
736 3520 805 3603 ipse
828 3519 869 3584 ab
890 3518 1111 3584 invadentibus
1134 3520 1367 3605 occideretur.²)

447 3625 515 3688 lam
541 3624 574 3688 in
600 3623 659 3688 has
680 3643 788 3688 rerum
812 3622 975 3705 angustias
1000 3621 1164 3705 delapsum
1186 3622 1270 3688 haud
1293 3624 1472 3690 mirandum

362 3732 410 3791 est
438 3747 511 3791 eum
535 3725 679 3794 Caesaris
709 3725 763 3807 qui
792 3729 888 3790 antea
917 3723 977 3788 sibi
1005 3725 1225 3809 patrocinatus
1255 3731 1339 3791 66661
1362 3726 1473 3792 laudes

362 3849 555 3913 exaggerare
578 3827 718 3894 noluisse
739 3829 874 3912 (Krause
896 3848 927 3909 p.
943 3830 1010 3912 25);
1033 3849 1107 3894 nam
1123 3827 1289 3912 splendida
1302 3829 1387 3895 illius
1401 3851 1472 3914 pro·

449 4018 470 4086 ¹)
489 4018 604 4073 eandem
630 4017 793 4073 sententiam
820 4016 989 4072 Krousius
1015 4018 1155 4088 amplexus
1181 4022 1209 4074 61
1233 4020 1472 4088 grammaticorum

360 4104 522 4158 testimoniis
543 4108 572 4159 et
593 4104 659 4174 ipsis
677 4102 845 4158 carminibus
862 4103 877 4156 I
895 4108 923 4158 61
940 4102 984 4157 IX
1001 4104 1204 4177 accuratissime
1220 4103 1393 4174 perlustratis
1410 4123 1472 4175 pro-

360 4189 426 4244 bare
443 4190 535 4244 studet
553 4191 589 4260 (p.
603 4193 633 4242 11
646 4190 707 4260 sq).
730 4205 763 4242 cx
775 4189 873 4260 quibus
884 4204 941 4243 una
957 4188 1070 4259 solaque
1088 4189 1244 4244 calamitate
1260 4194 1370 4259 11661616
1387 4190 1473 4245 afflic-

360 4279 418 4330 tum
441 4291 500 4331 6666
522 4280 597 4330 16616
619 4275 664 4329 1116
684 4275 793 4346 quidem
812 4273 914 4342 effecit,
939 4275 1055 4344 primam
1073 4275 1196 4346 eclogam
1214 4278 1277 4346 post
1294 4291 1394 4328 nonam
1413 4293 1473 4332 6666

361 4367 448 4416 ortam
465 4378 522 4416 non
539 4361 638 4418 effecit.
861 4358 883 4426 ²)
901 4358 937 4416 cf.
954 4359 1097 4431 Pmygode
1114 4378 1140 4431 p.
1154 4365 1195 4418 31.
