3194 4996
591 379 785 440 „9-

218 549 275 614 His
307 546 528 611 diversissimis
561 547 760 629 opinionibus
791 548 991 629 perlustratis
1022 549 1085 611 iam
1109 548 1184 630 quid
1208 547 1247 611 de

132 651 411 734 grammaticorum
435 651 591 715 memoria
612 651 769 714 iudicetur
790 651 920 715 maximi
943 672 1010 715 esse
1033 651 1187 716 momenti
1207 650 1247 715 ad

128 754 312 821 solvendam
343 752 426 817 hanc
458 754 676 836 quaestionem
708 760 852 835 apparet.
886 753 924 817 de
956 752 1012 817 illa
1040 754 1138 835 igitur
1159 753 1247 835 prius

131 859 286 922 disserere
319 876 399 937 opus
430 861 480 920 est
506 876 602 939 quam
624 857 657 919 in
679 855 872 938 singularum
896 857 1078 938 eclogarum
1101 862 1247 939 tempora

132 960 338 1044 inquiramus.

215 1061 436 1143 Intellegenda
458 1066 566 1124 autem
589 1064 663 1124 sunt
677 1059 849 1124 illustrium
865 1061 1003 1124 virorum
1017 1061 1122 1140 Probi,
1138 1061 1246 1141 Servii,

128 1164 247 1230 Donati
269 1164 460 1243 testimonia,
482 1162 595 1244 quibus
610 1162 769 1245 Vergilius
785 1163 1020 1246 duodetriginta
1035 1185 1135 1227 annos
1151 1169 1246 1229 natus

128 1267 284 1333 Bucolica
310 1265 475 1330 incohasse
503 1265 651 1347 intraque
683 1266 853 1330 triennium
880 1265 1051 1348 perfecisse
1073 1267 1245 1346 traditur.¹)

130 1375 228 1452 atque
256 1374 293 1433 ut
320 1362 500 1432 accuratius
522 1368 603 1432 haec
625 1389 807 1450 persequar,
830 1374 940 1433 natum
963 1390 1063 1433 annos
1085 1369 1243 1434 duodetri-

129 1473 218 1554 ginta
247 1471 422 1554 Vergilium
458 1470 620 1550 ,Bucolica
650 1475 783 1535 edidzsse‘
826 1478 959 1550 ,certum
991 1478 1069 1536 esse‘
1107 1471 1246 1536 affirmat

127 1575 251 1640 Probus
274 1576 316 1656 (p.
336 1577 362 1652 7,
388 1575 405 1635 'l
430 1572 514 1654 Keil)
536 1578 573 1637 ut
594 1573 626 1635 in
644 1574 799 1639 Asconii
822 1574 985 1638 Pediani
1007 1575 1148 1656 positum
1171 1597 1243 1639 auo-

127 1679 269 1743 toritate.
292 1675 347 1740 ubi
368 1674 401 1737 in
424 1674 520 1739 verbo
540 1675 695 1755 ‚edidisse‘
710 1681 801 1740 recte
814 1697 833 1740 a
848 1675 1038 1760 quibusdam
1053 1677 1128 1740 viris
1143 1677 1245 1742 doctis

127 1779 245 1846 offendi
275 1778 390 1860 nagal)
423 1799 497 1841 cum
529 1798 568 1841 ex
601 1779 831 1842 sententiarum
859 1800 942 1859 nexu
970 1780 1095 1844 eluceat
1117 1803 1181 1845 non
1205 1780 1244 1844 de

128 1887 197 1948 toto
213 1880 385 1947 Bucolicon
408 1879 499 1960 libro,
523 1879 579 1943 sed
602 1879 640 1944 de
662 1881 773 1962 primis
797 1881 915 1963 eclogis
933 1881 1106 1963 aVergilio
1123 1882 1244 1945 emissis

127 1984 370 2067 grammaticum
405 1984 571 2063 cogitasse.
602 2003 676 2046 nam
708 2003 916 2066 quaeeunque
948 1991 980 2048 et
1010 1984 1049 2048 de
1076 1990 1243 2066 pastorum

126 2085 306 2151 nominibus
329 2090 362 2149 et
384 2084 423 2147 de
446 2083 620 2166 allegorica
641 2084 754 2149 horum
778 2087 953 2150 carminum
972 2087 1097 2151 ratione
1111 2086 1156 2151 ibi
1171 2109 1241 2151 nar·

127 2194 239 2253 rantur
268 2191 309 2271 (p.
335 2191 364 2268 6,
387 2190 427 2251 33
452 2191 510 2269 sq.)
539 2186 579 2251 ad
607 2188 744 2270 primam
767 2188 909 2270 eclogam
933 2190 1040 2253 omnia
1062 2191 1243 2272 spectant.³)

126 2292 159 2354 in
178 2311 241 2373 qua
256 2290 486 2356 conscribenda
500 2296 639 2372 potitam,
656 2290 799 2372 quamvis
815 2312 911 2354 senex
925 2291 1050 2374 Tityrus
1066 2291 1243 2372 inducatur,

125 2395 265 2459 XXVIII
287 2415 387 2459 annos
409 2399 520 2457 natum
543 2392 640 2458 fuisse
662 2397 698 2456 ut
720 2393 861 2476 patefiat,
882 2395 1010 2458 Asconii
1031 2394 1182 2458 laudatur
1204 2395 1243 2460 de

124 2496 282 2562 incohatis
312 2495 473 2561 Bucolicis
504 2496 729 2559 testimonium.
783 2501 880 2578 atque
912 2497 973 2561 hoc
1004 2497 1088 2561 idem
1120 2497 1243 2563 Probus

125 2605 252 2664 secutus
274 2599 307 2662 in
330 2599 396 2664 vita
419 2598 647 2662 commentario
665 2597 808 2681 praefixa
824 2604 865 2680 (p.
883 2603 909 2678 1,
929 2602 966 2662 12
982 2601 1022 2683 X)
1041 2601 1086 2663 sio
1102 2599 1241 2664 exhibet:

124 2701 303 2784 ,Scripsit
324 2701 476 2767 Bucolica
498 2721 597 2764 annos
620 2707 714 2765 natus
729 2703 807 2765 VIII
822 2706 854 2765 et
868 2702 938 2765 XX‘
961 2723 1020 2766 nec
1038 2723 1102 2766 non
1116 2700 1242 2767 Servius

125 2804 159 2867 iu
189 2804 388 2887 praefatione
421 2803 596 2869 Bucolicon
627 2806 669 2882 (ΙΙ
700 2826 730 2886 p.
752 2806 792 2867 96
817 2804 925 2886 Lion):
959 2805 1050 2882 ,Sane
1081 2803 1242 2868 sciendum

126 2907 301 2990 Vergilium
323 2907 462 2971 XXVIII
485 2927 641 2972 annorum
663 2912 815 2990 scripsisse
836 2906 1007 2971 Bucolica!
1028 2905 1142 2988 quibus
1164 2906 1242 2970 locis

125 3008 158 3072 id
188 3014 314 3091 tempus
346 3030 408 3091 quo
431 3009 584 3074 Bucolica
606 3008 702 3073 scribi
725 3013 839 3090 coepta
862 3008 925 3072 sint
948 3008 1120 3090 significari
1142 3009 1241 3072 mani·

124 3110 241 3177 festum
274 3117 336 3176 est:
369 3112 487 3195 quippe
519 3132 582 3176 uno
615 3111 790 3193 eodemque
823 3131 906 3175 anno
937 3115 1042 3175 totum
1068 3111 1242 3177 Bucolicon

125 3335 155 3386 in
172 3349 269 3386 manus
286 3339 421 3388 venerunt
438 3351 526 3403 nuper
547 3333 636 3388 editae
660 3332 766 3387 Ewaldi
784 3332 915 3386 Krause
933 3335 943 3399 t
945 3333 1049 3397 Quibus
1074 3333 1241 3402 temporibus

124 3434 235 3488 quoque
246 3419 340 3473 ordine
350 3419 433 3490 Verg.
443 3420 553 3489 eclogas
563 3420 710 3486 scripserit.
723 3417 812 3471 Berol.
824 3420 901 3483 1884)
914 3423 942 3472 et
951 3418 1059 3472 Alfredi
1071 3419 1242 3489 Przygode

127 3503 185 3569 (De
202 3504 358 3573 eclogarum
377 3502 477 3575 Vergil.
492 3505 670 3573 temporibus.
689 3503 884 3569 Berol.1885):
904 3505 950 3573 qui
967 3503 1093 3558 refutatis
1111 3504 1242 3575 Schaperi

126 3589 302 3658 opinionibus
324 3605 419 3643 omnes
439 3591 549 3661 eclogas
567 3591 640 3643 intra
658 3606 744 3643 annos
764 3594 882 3642 tls-15
901 3591 1036 3643 exstitisse
1055 3590 1242 3645 demonstrare

126 3673 246 3728 student.
269 3691 337 3744 quos
355 3692 513 3745 quanquam
532 3675 624 3728 multis
642 3676 669 3726 in
688 3674 770 3728 rebus
789 3675 884 3728 cadem
902 3692 935 3728 ac
953 3692 996 3728 me
1015 3680 1135 3730 statuere
1153 3676 1241 3743 video,

125 3764 218 3814 tamen
240 3760 285 3815 vel
308 3759 344 3814 ad
366 3760 475 3831 eclogas
498 3761 572 3830 ipsas
590 3761 810 3830 interpretandas
828 3759 872 3814 vel
891 3761 926 3813 ad
945 3761 1132 3830 explicandam
1150 3778 1240 3832 gram·

126 3845 289 3898 maticorum
307 3847 468 3900 memoriam
486 3863 529 3900 me
547 3863 656 3917 quoque
675 3862 754 3915 spero
773 3845 914 3915 paululum
934 3846 1058 3900 conferre
1076 3864 1163 3916 posse.

215 3931 234 3996 ¹)
252 3929 287 3984 cf.
306 3929 441 3999 Ribbeck,
459 3932 533 3986 Prol.
555 3937 576 3985 1.
613 3931 721 3986 Krause
739 3936 792 4001 p.1
813 3948 853 4000 sq.
888 3930 1031 4002 Przygode
1049 3950 1075 4000 p.
1095 3936 1127 3985 st
1146 3949 1186 4001 sq.

214 4014 234 4080 ²)
254 4015 288 4069 cf.
301 4015 451 4088 Kiessling,
470 4016 525 4072 ind.
537 4017 600 4070 lect.
613 4015 719 4086 Gryph.
738 4034 765 4085 p.
780 4021 803 4069 6.
822 4015 944 4086 Schaper
961 4018 990 4069 in
1007 4018 1095 4070 diario
1114 4016 1242 4069 Bursiani

127 4105 194 4154 1882
213 4100 286 4172 Hp.
307 4106 365 4156 134.
400 4101 510 4156 Krause
527 4120 554 4171 p.
575 4107 597 4158 1.

213 4187 266 4242 ³v.
286 4189 401 4241 maxime
418 4205 446 4256 p.
465 4192 488 4255 t,
507 4192 522 4240 6
541 4205 592 4258 sq.:
620 4187 687 4255 ,Nec
706 4187 860 4240 mirandum
879 4187 951 4257 quod
969 4187 1042 4241 infra
1061 4188 1131 4256 [scil.
1149 4188 1207 4242 Ecl.
1226 4187 1241 4239 I

123 4274 172 4338 46]
199 4289 229 4326 se
256 4287 350 4326 senem
377 4271 450 4340 dicit,
478 4289 540 4326 cum
559 4278 662 4328 certum
681 4274 717 4325 sit
734 4289 796 4325 eum
814 4278 846 4326 ut
865 4273 1000 4326 Asconius
1018 4273 1156 4328 Pedianus
1174 4273 1241 4326 dicit

123 4355 253 4412 XXVIII
271 4374 359 4412 annos
376 4362 472 4411 natum
490 4358 623 4412 Bucolica
640 4358 775 4412 edidisse.‘
