3194 4996
692 391 733 396 -
778 355 819 416 33

241 526 325 589 inter
347 524 518 589 Antonium
546 527 579 586 et
601 522 769 586 Caesarem
797 543 861 586 una
888 520 957 585 orbi
982 527 1139 586 terrarum
1162 522 1356 602 imperantes

241 627 352 692 foedus
391 629 637 706 componeretur
672 624 804 689 alterius
840 644 950 688 eorum
987 623 1053 688 filio
1090 643 1222 704 regnum
1258 623 1356 687 totius

242 728 350 794 mundi
377 727 519 810 praedici
545 728 649 791 minus
677 728 774 792 etiam
800 728 951 809 potuisse.
995 746 1097 807 neque
1120 725 1293 807 quidquam
1314 726 1356 790 ad

235 830 323 912 ‘hanc
345 850 414 895 rem
435 829 522 894 valet
543 828 699 893 Macrobii
720 829 809 894 locus
832 830 891 911 (III
913 831 989 911 1,1)
1011 849 1032 893 4
1053 827 1264 910 Nettleshipio
1288 827 1354 893 lau-

241 933 347 1010 datus,
375 933 430 1014 qui
453 930 491 996 de
513 930 579 996 lilio
601 931 753 996 Pollionis
776 930 952 1013 Vergilium
975 930 1115 997 locutum
1138 949 1221 1010 esse,
1245 931 1300 994 sed
1323 931 1354 993 id

241 1034 327 1118 quod
354 1033 394 1098 ad
420 1035 599 1118 principem
621 1055 712 1098 suum
735 1037 896 1115 spectaret
917 1031 1058 1097 versibus
1082 1035 1180 1113 43144
1202 1033 1355 1097 adiecisse

241 1137 352 1219 dieit')
397 1158 471 1201 nam
501 1157 605 1219 neque
636 1141 704 1200 tum
734 1136 887 1217 principis
913 1135 1020 1200 locum
1047 1134 1163 1199 Cacsar
1190 1133 1356 1199 obtinebat

240 1261 353 1322 neque,
377 1241 403 1304 si
426 1239 504 1303 duos
527 1260 636 1310 versus
659 1238 700 1302 ad
721 1238 863 1302 futurum
881 1238 1108 1320 imperatorem
1124 1243 1270 1319 spectare
1286 1239 1354 1303 Ma·
1378 1266 1385 1283 ·

243 1341 370 1407 crebius
390 1343 527 1424 putavit,
552 1343 585 1405 in
608 1341 752 1406 Caesaris
774 1342 973 1422 potissimum
994 1340 1147 1405 honorem
1169 1346 1272 1405 toturn
1294 1340 1355 1405 boc

242 1466 370 1510 carmen
392 1443 512 1508 factum
535 1465 604 1509 esse
627 1444 749 1508 statuit.

326 1546 461 1611 Gravior
488 1545 564 1609 mihi
591 1567 642 1611 res
665 1552 714 1611 est
736 1566 807 1610 cum
831 1544 1066 1629 Schapero‚²)
1089 1546 1143 1628 qni
1164 1567 1228 1610 non
1251 1547 1354 1612 solum

242 1649 393 1715 Pollionis
415 1647 528 1728 filiurn,
557 1649 612 1713 sed
635 1648 813 1713 Pollionem
834 1649 937 1731 ipsum
961 1648 1001 1712 ab
1023 1647 1084 1712 hac
1107 1648 1219 1730 ecloga
1240 1651 1354 1731 procul

240 1750 419 1816 habendum
441 1771 510 1815 4444
533 1756 669 1815 censeat.
706 1750 798 1814 huius
821 1752 905 1814 enim
920 1771 1036 1817 nomen
1051 1755 1084 1815 et
1098 1752 1238 1814 metricis
1254 1753 1352 1817 ratio·

241 1854 331 1919 nibus
353 1857 535 1935 suspectum
557 1859 591 1917 et
612 1854 710 1917 totius
733 1852 864 1934 eclogae
887 1858 1074 1935 argumento
1097 1873 1275 1936 repugnare
1294 1854 1353 1918 sibi

241 1956 341 2020 visum
363 1975 380 2019 4
402 1976 495 2020 versu
518 1955 705 2020 duodecime
729 1956 823 2019 eiecit
841 1976 918 2020 voce
940 1955 1046 2035 ,orbis‘
1068 1977 1181 2039 proco
1197 1956 1352 2039 inserta.³)

240 2079 278 2140 ne
305 2063 415 2122 autem
441 2057 653 2122 audacissima
681 2058 866 2122 coniectura
889 2058 921 2120 in
942 2059 1098 2125 incertum
1120 2061 1289 2123 revocetur
1311 2058 1352 2121 ad

241 2181 333 2243 quem
356 2158 518 2224 consulem
539 2159 619 2224 baec
642 2160 753 2240 ecloga
774 2161 872 2224 missa
893 2162 947 2240 sit,
975 2161 1114 2225 consulis
1137 2162 1203 2225 sine
1226 2161 1352 2225 nomine

240 2261 464 2333 allocutionem
491 2283 553 2326 non
581 2263 723 2345 potuisse
751 2261 791 2326 ab
821 2263 1007 2345 aequalibus
1034 2264 1095 2327 nisi
1121 2263 1162 2328 ad
1186 2265 1353 2329 Caesarem

239 2371 414 2450 Augustum
439 2366 551 2430 referri
581 2366 627 2429 vir
649 2364 703 2429 1114
726 2364 838 2430 doctus
860 2366 997 2449 probare
1020 2366 1135 2431 studet.
1180 2366 1246 2432 vult
1269 2369 1353 2431 enim

239 2490 275 2534 40
308 2473 453 2550 tempore
484 2468 544 2533 hoc
573 2488 701 2533 carmen
733 2470 945 2551 compositum
971 2471 1079 2553 putari
1107 2492 1169 2552 quo
1193 2474 1352 2551 Angustus

239 2576 353 2654 pacato
384 2571 519 2654 imperio
551 2570 591 2636 ad
619 2572 771 2652 principis
799 2571 985 2654 dignitatem
1013 2576 1183 2654 provectus
1206 2573 1352 2637 consula-

238 2680 326 2739 tuum
353 2667 484 2740 numero
508 2675 645 2738 Marium
674 2675 866 2756 aequaverit.
911 2679 1007 2757 atque
1030 2674 1079 2738 his
1100 2675 1178 2756 ipsis
1199 2678 1351 2757 tempori·

238 2777 294 2842 bus
316 2776 421 2857 illum,
444 2782 480 2858 nt
501 2775 652 2856 ‚subsidia
675 2777 891 2841 dominationi‘
913 2782 1044 2858 pararet
1066 2777 1149 2859 (Tac.
1172 2780 1250 2840 dnn.
1273 2778 1290 2839 l
1312 2779 1351 2856 3),

238 2879 389 2946 Marcello
414 2884 541 2944 constat
554 2878 675 2943 Juliam
697 2878 795 2943 filiam
817 2880 850 2942 in
871 2879 1106 2944 matrimonium
1131 2879 1254 2943 dedisse
1278 2880 1349 2963 (Dio

237 2984 309 3048 bIII
334 2986 396 3066 21).
441 3003 480 3045 ex
501 2982 562 3046 boc
585 2983 681 3063 igitur
696 2982 899 3047 matrimonio
916 2982 1148 3063 suscipiendum
1165 2981 1263 3046 filium
1280 3004 1350 3048 nas·

143 3164 145 3168 ,
239 3092 362 3151 centem
390 3107 460 3149 esse
487 3105 621 3167 puerum
648 3087 680 3148 in
706 3090 817 3148 nostra
845 3083 957 3166 ecloga
977 3083 1142 3149 laudatum
1171 3106 1231 3167 pro
1262 3091 1350 3152 certo

239 3188 415 3270 Schaperus
430 3188 549 3251 statuit.
583 3186 621 3251 de
644 3186 758 3269 quibus
774 3192 880 3250 tamen
896 3187 975 3251 nibil
989 3186 1065 3251 mihi
1079 3189 1247 3271 persuasit.
1276 3209 1350 3253 narn

237 3291 311 3356 licet
324 3288 488 3374 paulisper
503 3289 612 3355 consul
623 3295 782 3370 Augustus
791 3311 860 3353 rem
868 3289 1031 3373 publicam
1042 3290 1161 3355 rexerit
1170 3294 1207 3375 (v.
1219 3291 1351 3356 Momm·

239 3412 360 3473 senum,
392 3392 589 3456 Staatsreoht
614 3394 711 3472 11‚‘2.
741 3394 803 3456 334
826 3413 887 3474 sq„
916 3414 1011 3475 quem
1037 3393 1147 3458 laudat
1174 3393 1352 3475 Schaperus

238 3495 338 3579 Symb.
354 3494 466 3560 Joacb.
489 3515 519 3576 p.
539 3496 578 3558 15
598 3498 666 3578 sq.)‚
688 3496 722 3557 in
745 3495 936 3560 carminibus
959 3497 1027 3561 eius
1049 3496 1201 3578 temporis
1224 3496 1353 3560 Caesari

240 3599 326 3681 (Hor.
346 3599 363 3661 Ι
386 3600 414 3661 2.
439 3601 485 3661 12.
508 3598 556 3660 ΠΙ
582 3600 631 3680 14)
655 3597 705 3660 vel
727 3598 863 3679 principi
886 3596 1039 3680 (114121)
1063 3599 1092 3662 41
1114 3598 1224 3663 laudes
1246 3597 1351 3676 tribui,

238 3722 298 3764 non
329 3702 406 3765 item
437 3698 561 3765 consuli
591 3699 767 3783 videmus.¹)
813 3698 1013 3764 consulatum
1041 3721 1116 3764 vero
1129 3701 1197 3783 ·qui
1225 3700 1352 3784 quidem

324 3906 342 3973 ¹)
361 3907 475 3981 sienim
495 3907 567 3959 aries
586 3904 696 3958 insolito
715 3904 806 3958 colore
819 3903 949 3958 inductus
960 3903 1044 3959 fuerit
1056 3906 1092 3970 (v.
1104 3909 1137 3960 43
1147 3909 1207 3974 sq.),
1225 3905 1352 3974 portendi

238 3991 393 4060 imperatori
412 4006 502 4044 rerum
521 3992 642 4043 omnium
662 3989 831 4044 felicitatem.
943 4043 946 4047 ,

323 4075 343 4139 2)
362 4077 441 4129 44144
459 4077 616 4145 opinionem
634 4076 721 4128 fusius
740 4079 895 4128 enarratam
915 4091 1003 4145 nuper
1020 4075 1079 4128 Prz.
1098 4093 1125 4145 p.
1139 4081 1153 4129 6
1167 4093 1207 4144 sq.
1225 4075 1333 4130 refellit

323 4162 344 4228 3)
363 4159 497 4214 Fleckeis.
515 4161 589 4216 Ann.
611 4165 676 4213 1864
694 4178 720 4228 p.
734 4163 784 4215 110
803 4176 844 4229 sq.
864 4164 914 4214 192
933 4177 973 4230 sq.
1009 4161 1053 4214 De
1071 4160 1119 4215 ecl.
1138 4159 1221 4231 Verg.
1239 4163 1351 4230 interpr.

238 4261 262 4314 p.
275 4250 306 4299 31
320 4263 360 4316 sq.
380 4246 473 4314 Symb.
492 4245 588 4299 Joach.
606 4264 632 4317 p.
648 4251 679 4300 15
692 4263 733 4315 sq.
752 4250 895 4300 comment.
913 4245 1008 4300 Bucol
1025 4263 1052 4315 p.
1064 4251 1097 4300 35
1109 4263 1150 4315 sq.

322 4331 344 4398 ⁴)
363 4347 415 4385 nec
437 4348 491 4401 quo
509 4334 620 4386 nemine
639 4329 674 4385 ad
692 4329 864 4385 retinendam
883 4330 1007 4401 ,legitimi
1024 4333 1131 4401 imperii
1148 4331 1276 4400 speciem‘
1295 4334 1350 4383 ute-

1121 4419 1137 4468 3
