3194 4996
800 365 1015 427 ..38-

352 534 393 599 ab
425 533 611 616 aequalibus
642 540 710 598 tum
747 555 766 598 a
797 553 831 598 se
862 534 932 615 ipso
965 534 1148 598 existimari.
1156 533 1178 616 1)
1226 531 1322 596 fuisse
1357 537 1466 597 autem

244 713 246 717 y
352 637 479 702 Gallum
497 638 539 701 ⁴in
561 638 671 720 primis
693 637 778 720 apud
800 639 961 701 Romanos
983 636 1104 717 elegiae
1127 634 1311 700 auctoribus
1334 640 1368 698 et
1389 635 1465 699 Dio·

352 739 459 803 medes
475 741 710 821 grammaticus,
726 741 779 822 qui
795 761 833 805 ex
843 739 994 804 Suetonio
1010 759 1067 803 sua
1081 738 1187 802 hausit
1202 739 1298 821 (Suet.
1313 760 1344 821 p.
1356 740 1395 802 18
1407 738 1467 820 Β.)

352 850 385 908 et
413 841 623 920 Quintilianus
650 842 691 925 (J.
714 843 747 908 0.
771 845 799 906 X
825 846 851 922 1,
878 845 949 923 193)
978 847 1011 904 et
1032 841 1158 906 Ovidius
1185 847 1282 921 poeta
1307 842 1375 922 ipse
1403 840 1466 904 ele·

352 947 476 1027 giarum
502 944 596 1008 laude
618 947 754 1010 maxime
776 945 894 1009 florens
916 945 1088 1025 (Trist-IV
1114 945 1161 1023 10,
1185 946 1237 1026 51)
1260 949 1359 1007 testes
1382 949 1466 1021 sunt,

353 1049 406 1129 qui
429 1055 500 1112 cum
514 1046 639 1111 Tibullo
663 1055 695 1112 et
710 1048 876 1130 Propertio
898 1045 960 1109 hoc
981 1047 1086 1127 poesis
1109 1066 1208 1127 genus
1231 1067 1304 1109 eum
1328 1045 1467 1109 coluisse

353 1150 494 1233 dioant.²)
529 1171 568 1214 ex
591 1151 704 1232 quibus
719 1150 845 1215 Ovidius
868 1169 941 1212 cum
962 1169 1178 1212 successorem
1200 1147 1285 1214 Galli
1306 1147 1467 1212 Tibullum

352 1251 494 1335 appellat
514 1252 604 1317 illu-m
625 1255 799 1335 prinoipem
822 1254 854 1315 in
869 1251 930 1315 hoo
945 1271 1062 1332 genere
1077 1250 1173 1314 fuisse
1190 1251 1338 1316 ostendit.
1368 1255 1468 1330 atque

353 1358 384 1419 in
407 1355 516 1437 elegiis
538 1353 665 1436 quidem
688 1374 760 1417 oum
782 1355 846 1418 iam
861 1359 956 1418 antea
971 1375 1126 1418 summam
1142 1353 1323 1435 collegisset
1337 1353 1467 1432 famam,

351 1465 420 1522 tum
450 1459 553 1540 ipsum
583 1456 713 1520 heroico
745 1457 877 1521 carmini
908 1454 979 1519 eum
1011 1463 1146 1538 apparet
1173 1476 1303 1538 operam
1330 1454 1466 1520 dedisse.

353 1562 471 1625 etenim
494 1559 532 1623 de
555 1559 682 1641 Gryneo
705 1579 843 1640 nemore,
867 1560 954 1622 ouius
977 1558 1159 1624 celebrandi
1181 1560 1278 1624 Linus
1299 1560 1332 1621 in
1354 1563 1469 1623 nostra

354 1664 465 1744 ecloga
491 1666 530 1747 (v,
554 1665 593 1726 ot
618 1664 675 1744 sq.)
700 1661 728 1725 ei
760 1667 872 1725 auctor
903 1683 972 1726 esse
1003 1662 1147 1745 fingitur,
1178 1683 1213 1726 re
1240 1683 1317 1726 vera
1338 1660 1468 1743 Eupho·

351 1767 475 1831 rionem
490 1765 730 1830 Chalcidensem
753 1771 880 1828 secutus
902 1771 1017 1848 poema
1040 1766 1227 1847 conscripsit
1245 1764 1371 1846 abipso
1387 1765 1468 1827 Ver-

353 1868 429 1949 gilio
461 1868 519 1931 ecl.
546 1870 576 1931 X.
598 1870 640 1930 50
661 1865 876 1948 significatum
909 1867 959 1950 (cf.
989 1867 1072 1931 Serv.
1102 1868 1143 1932 ad
1171 1868 1228 1931 ecl.
1251 1868 1297 1931 VI
1320 1870 1380 1947 72).
1425 1867 1468 1930 ad

354 1971 437 2051 quod
462 1969 714 2050 componendum
735 1969 781 2032 ita
803 1990 874 2032 eum
897 1970 1023 2033 incitari
1039 1970 1155 2033 Noster
1177 1970 1255 2033 l'acit
1277 1976 1312 2033 ut
1333 1969 1469 2034 Hesiodi

353 2080 461 2136 utatur
488 2072 646 2153 exemplo,
679 2072 732 2153 qui
760 2071 919 2153 quomodo
948 2072 1015 2153 ipse
1040 2073 1150 2153 po‘esin
1173 2071 1303 2154 aggredi
1325 2093 1345 2135 a
1367 2073 1469 2135 Musis

352 2176 454 2239 iussus
482 2181 566 2238 esset
592 2176 623 2239 in
646 2174 846 2256 Theogoniae
873 2175 963 2237 initio
986 2177 1025 2256 (v.
1045 2177 1184 2256 22-34)
1207 2174 1470 2257 splendidissimis

353 2276 457 2341 verbis
480 2279 633 2358 exposuit.
673 2298 776 2358 neque
798 2298 882 2356 vero,
906 2283 941 2339 ut
964 2297 1151 2358 comparare
1173 2278 1231 2342 has
1254 2277 1333 2341 duas
1355 2296 1470 2340 narra-

353 2381 455 2443 tiones
482 2380 567 2443 inter
592 2400 625 2443 se
648 2379 753 2458 liceat,
777 2379 859 2443 hanc
881 2380 927 2442 illi
950 2385 1078 2460 oportet
1100 2381 1139 2443 ad
1162 2381 1312 2445 amussim
1335 2399 1468 2462 respon·

353 2482 442 2546 dere':
464 2482 496 2545 id
520 2481 604 2563 quod
623 2482 800 2563 Schaperus
824 2483 982 2547 desiderat
1004 2482 1109 2546 dicens
1132 2483 1239 2547 omnia
1254 2481 1339 2563 apud
1354 2482 1467 2546 Hesio·

353 2585 427 2648 dum
459 2607 479 2648 a
510 2585 627 2649 nostris
659 2584 871 2649 diversissima
902 2605 970 2648 esse
999 2583 1114 2668 (Symb.
1136 2586 1187 2650 Jo.
1212 2587 1272 2667 27).
1317 2584 1468 2648 nimirum

354 2688 438 2770 quod
466 2687 624 2751 Hesiodus
650 2688 808 2768 increpari
835 2707 869 2751 se
894 2688 997 2769 ipsum
1024 2710 1044 2751 a
1071 2689 1169 2751 Musis
1197 2687 1274 2751 facit
1301 2709 1320 2751 a
1346 2688 1468 2754 Nostro

354 2796 427 2871 apte
455 2791 588 2872 exprimi
615 2811 679 2855 non
705 2792 825 2872 potuit,
857 2812 929 2855 cum
957 2791 996 2855 de
1018 2791 1112 2855 amici
1134 2789 1279 2854 laudibus
1301 2791 1467 2872 praedica·

353 2899 443 2957 turus
470 2894 592 2974 esset.³)
638 2892 721 2974 apud
748 2900 917 2976 utrumque
944 2915 1068 2958 summa
1095 2894 1269 2956 sententiae
1297 2893 1376 2958 haec
1405 2899 1467 2957 est:

354 2995 437 3060 dono
460 2995 567 3076 aliquo
591 2995 754 3060 Musarum
776 3002 812 3059 ut
832 2998 916 3061 vitae
939 3018 1052 3060 munus
1073 3001 1201 3059 tueatur
1219 2995 1394 3060 Hesiodum
1416 2997 1467 3060 vel

353 3097 479 3162 Gallum
511 3097 688 3161 admoneri:
719 3098 752 3161 id
779 3098 864 3179 quod
891 3100 951 3163 nisi
980 3100 1049 3163 vivo
1077 3103 1193 3180 poetae
1220 3099 1271 3162 rix
1298 3099 1468 3180 quisquam

354 3200 468 3262 dixerit
496 3199 640 3262 accidere
671 3200 722 3281 (cf.
745 3200 895 3282 Ribbeck,
918 3201 1001 3265 Prol.
1028 3204 1087 3282 11).
1132 3201 1210 3263 nihil
1232 3206 1338 3264 autern
1361 3203 1469 3282 aptius

354 3301 393 3365 ad
416 3301 576 3365 laudanda
598 3302 683 3366 Galli
705 3303 810 3366 studia
832 3304 980 3367 carminis
1002 3303 1123 3368 heroici
1143 3308 1271 3383 poterat
1291 3305 1468 3383 excogitari

354 3419 449 3485 quam
481 3403 615 3467 eundem
648 3401 805 3468 calamum
837 3407 890 3486 qui
921 3412 1017 3469 autea
1047 3407 1113 3470 seui
1145 3410 1282 3471 Ascraeo
1317 3428 1337 3470 a
1367 3407 1469 3471 Musis

354 3507 447 3572 datus
469 3508 510 3569 sit
533 3506 626 3572 Gallo
648 3508 812 3588 impertiri.
854 3507 998 3589 acquod
1022 3508 1061 3571 ad
1084 3508 1244 3590 Gryneum
1267 3511 1467 3590 potissimum

353 3631 465 3695 nemus
488 3609 710 3672 celebrandum
734 3610 794 3674 hac
817 3609 924 3674 fistula
946 3611 992 3674 uti
1013 3611 1139 3676 iubetur
1161 3610 1244 3674 haud
1265 3612 1331 3676 scio
1348 3633 1388 3675 an
1403 3612 1467 3677 hoc

354 3718 468 3793 po'etae
500 3712 607 3776 animo
637 3712 839 3778 obversatum
871 3714 940 3797 sit4)
972 3714 1011 3778 de
1043 3712 1154 3777 eodem
1186 3713 1247 3778 hoc
1279 3721 1467 3795 argumento

442 3917 462 3981 ¹)
481 3916 533 3969 hoc
555 3918 628 3970 enim
651 3916 753 3971 honore
776 3932 838 3970 eum
861 3919 907 3985 qui
930 3933 1031 3987 magna
1053 3921 1125 3972 esset
1146 3921 1297 3973 carminum
1319 3919 1395 3973 fama
1412 3920 1467 3973 coli

354 4001 462 4054 solitum
479 4017 538 4054 esse
556 4001 670 4055 Tacitus
688 4001 762 4066 (dial.
781 4018 803 4055 o.
824 4005 867 4068 13)
886 4019 935 4056 nos
954 4003 1042 4057 docet.

442 4085 463 4152 ²)
482 4086 516 4139 cf.
535 4086 647 4140 Kolster
664 4105 690 4156 p.
705 4092 761 4140 196.

441 4173 461 4238 ³)
480 4170 514 4224 cf.
532 4171 641 4225 Krause
658 4190 684 4241 p.
698 4176 739 4225 37.
1548 4234 1552 4239 ¹

441 4257 462 4322 ⁴)
481 4257 553 4326 quod
571 4274 620 4309 nos
638 4275 671 4310 ex
689 4257 822 4311 Strabone
837 4258 904 4310 XlV
917 4276 942 4326 p,
956 4262 1006 4309 ola
1024 4258 1162 4326 discimus,
1181 4261 1215 4313 cf.
1234 4261 1370 4328 Meineke,
1390 4262 1465 4314 Ana-

354 4343 425 4395 lecta
445 4342 628 4394 Aloxaodrina
648 4360 673 4410 p.
687 4347 727 4396 80.
