3194 4996
818 345 1031 407 -42-

368 519 464 577 antea
486 513 605 576 editum
629 512 817 594 quibusdam
840 512 981 578 versibus
1010 517 1138 576 auctum
1169 512 1208 576 ad
1233 496 1305 577 eum
1329 513 1479 578 mitteret

370 616 421 699 (cf.
442 615 607 698 Przygode
629 637 659 697 p.
681 618 722 677 24
744 619 800 698 sq.)
845 637 953 680 versus
975 621 1081 682 autem
1105 619 1210 679 6-13
1233 616 1318 697 quod
1340 638 1360 680 a
1380 617 1480 680 totius

369 719 518 783 carminis
547 723 734 799 argumento
762 717 945 782 alienissimi
971 724 1053 798 sunt,
1083 717 1157 782 inde
1188 718 1316 783 minime
1338 718 1481 799 sequitur
1544 792 1547 801 ,

369 841 424 886 eos
446 826 560 903 postea
581 819 654 883 huic
677 821 808 883 carmini
831 821 972 884 adiectos
989 842 1066 885 esse.
1104 841 1207 902 neque
1229 841 1267 884 eo
1291 820 1376 902 quod
1398 822 1481 883 inter

367 925 620 1006 propositionem
655 929 688 986 et
723 923 770 986 rei
805 923 1030 987 tractationem
1065 922 1112 985 illi
1146 923 1252 988 locum
1282 927 1393 986 tenent
1422 943 1481 986 nos

369 1026 486 1091 offendi
507 1026 556 1090 fas
579 1030 637 1105 est,
660 1046 730 1088 cum
754 1024 848 1089 simili
869 1025 992 1088 ratione
1015 1025 1047 1087 in
1070 1025 1249 1106 Georgicon
1271 1024 1353 1089 libro
1377 1025 1480 1088 altero

368 1130 479 1210 paucis
510 1128 550 1192 de
581 1128 732 1192 arborum
764 1127 851 1191 cultu
879 1129 1060 1208 praemissis
1084 1128 1263 1192 Maecenati
1289 1147 1323 1190 se
1351 1147 1481 1191 carmen

369 1230 558 1313 desponderi
580 1230 660 1294 velle
682 1231 800 1314 Noster
821 1228 1011 1311 profiteatur
1034 1233 1193 1313 (ee-46).

454 1351 503 1414 Ad
525 1350 700 1414 Pollionem
727 1350 823 1431 igitur
851 1349 959 1413 datam
986 1370 1055 1413 esse
1083 1354 1227 1414 octavam
1255 1349 1399 1430 eclogam
1420 1370 1481 1431 pro

369 1460 457 1518 certo
489 1457 604 1517 statuo.
648 1453 712 1515 iam
742 1452 825 1514 inter
852 1472 907 1516 eos
936 1453 989 1534 qui
1017 1451 1099 1516 hanc
1127 1454 1316 1516 sententiam
1344 1452 1481 1534 amplexi

369 1562 442 1622 sunt
464 1555 660 1637 disceptatur
682 1563 790 1618 utrum
811 1550 1027 1637 proficiscenti
1046 1554 1195 1619 adversus
1218 1550 1386 1620 Parthinos¹
1409 1556 1481 1621 Pol-

368 1659 447 1722 lioni
476 1679 516 1721 an
543 1657 688 1721 redeunti
711 1677 749 1719 ex
771 1657 834 1720 illis
856 1658 935 1721 haec
958 1657 1070 1738 ecloga
1093 1658 1190 1721 missa
1211 1659 1260 1721 sit.
1305 1658 1482 1739 exquibus

334 1759 337 1764 ’
368 1762 508 1844 Heynius
532 1761 656 1842 egregie
680 1760 797 1823 erravit
820 1753 891 1822 cum
914 1759 1044 1823 abeunti
1063 1761 1095 1822 in
1110 1760 1250 1842 Illyriam
1265 1781 1336 1825 eam
1351 1761 1481 1825 missam

369 1885 438 1928 esse
461 1886 500 1928 ex
522 1863 750 1927 sententiarum
773 1861 881 1924 ordine
902 1866 1027 1944 (nempe
1047 1863 1183 1943 primum
1199 1863 1319 1926 Timavi
1334 1862 1481 1942 fluminis,

368 1974 436 2030 tum
458 1966 577 2048 Illyrici
599 1965 747 2046 aequoris
769 1965 888 2028 mentio
911 1962 959 2046 fit)
983 1964 1042 2028 sibi
1057 1965 1141 2028 visus
1157 1970 1205 2028 est-
1221 1965 1379 2046 colligere.
1410 1985 1482 2029 nes·

369 2070 433 2132 cire
460 2069 543 2132 enim
570 2068 712 2131 videmus
738 2073 866 2148 poetam
894 2072 999 2130 utrum
1022 2068 1104 2147 ,iam‘
1127 2067 1168 2130 ad
1191 2068 1367 2146 Timavum,
1395 2067 1483 2149 quod

369 2176 418 2235 est
439 2170 556 2233 flumen
571 2170 733 2247 Venetiae,
755 2188 942 2252 progressus
964 2171 1006 2232 sit
1027 2170 1080 2232 ille
1103 2190 1144 2233 an
1167 2171 1332 2234 etiamtum
1353 2170 1482 2253 Illyriae

369 2294 459 2338 oram
482 2271 582 2336 classe
605 2271 866 2354 praetervehatur
889 2277 926 2346 lv.
943 2272 1045 2354 billl)
1091 2273 1215 2336 accedit
1237 2272 1321 2354 quod
1343 2272 1481 2355 splendi-

370 2375 443 2439 dam
466 2396 538 2439 eum
560 2380 741 2438 assecutum
764 2394 833 2438 esse
856 2374 1021 2438 victoriam
1044 2374 1156 2437 victrix
1175 2375 1283 2439 laurus
1299 2377 1338 2457 (v.
1357 2378 1407 2457 13)
1423 2395 1483 2439 nos

369 2477 471 2541 docet.
516 2479 604 2559 atqui
633 2481 759 2541 constat
780 2475 957 2540 Pollionem
983 2481 1154 2559 postquam
1179 2477 1347 2541 consulatu
1370 2497 1403 2540 se
1426 2476 1485 2540 ab·

370 2579 523 2643 dicaverit
544 2582 577 2642 in
592 2578 702 2662 Illyria
716 2577 835 2642 bellum
851 2599 961 2660 gerere
977 2580 1119 2660 coepisse
1136 2581 1187 2662 (cf.
1203 2580 1264 2645 Dio
1280 2580 1413 2643 XLVIII
1429 2582 1485 2662 41)

370 2686 403 2744 et
424 2703 452 2746 a.
473 2682 501 2746 d.
517 2682 596 2746 VIII
618 2681 690 2746 Kal.
713 2682 792 2746 Nov.
815 2682 1009 2764 insequentis
1031 2683 1107 2745 anni
1130 2703 1169 2745 ex
1191 2679 1350 2746 Parthinis
1372 2683 1485 2746 trium·
1543 2698 1548 2710 ’

369 2783 484 2866 phasse
515 2784 631 2868 (Ribb,
655 2785 737 2847 Prol.
762 2786 802 2865 9).
847 2805 947 2864 quare
978 2805 1042 2847 non
1073 2805 1155 2847 anno
1188 2786 1249 2846 714
1281 2784 1486 2867 (Nettleship.

370 2890 406 2950 A.
429 2889 461 2950 L.
485 2889 547 2970 48),
579 2886 635 2950 sed
666 2892 808 2951 extrema
838 2887 905 2950 fere
933 2892 1056 2951 aestate
1086 2887 1161 2950 anni
1186 2889 1247 2950 715
1270 2887 1350 2951 haec
1372 2887 1488 2969 ecloga

369 2989 512 3070 putanda
535 2994 584 3053 est
607 2995 679 3053 orta
701 3010 779 3052 esse.

462 3195 582 3256 Decimo
604 3197 705 3277 erlopo
728 3194 867 3256 omnium
891 3192 1035 3256 ultImam
1051 3214 1084 3257 se
1101 3194 1313 3275 conscriptam
1330 3214 1398 3258 esse
1414 3195 1487 3276 ipsa

369 3296 477 3378 prodit
500 3287 537 3375 (vg
556 3296 621 3378 1).²)
658 3316 760 3377 neque
784 3296 866 3358 enim
888 3292 1086 3377 prooemium
1110 3296 1176 3358 eius
1198 3303 1312 3377 postea
1327 3302 1487 3360 mutatum

370 3404 426 3462 aut
453 3397 615 3480 perfectae
643 3399 707 3461 iam
735 3397 859 3479 pridem
886 3399 1016 3480 eclogae
1038 3399 1191 3461 insertum
1216 3418 1284 3461 esse
1307 3398 1486 3481 Ilachiusl)

370 3501 530 3583 probavit:
563 3501 617 3583 qui
648 3522 719 3564 eam
746 3501 779 3563 in
806 3501 1035 3583 antiquissimis
1063 3500 1228 3564 bucolioae
1255 3503 1361 3583 poesis
1384 3503 1486 3582 speci-

370 3603 506 3667 minibus
530 3602 679 3667 collocari
702 3603 778 3666 vult.
819 3623 1000 3684 quanquam
1023 3602 1168 3667 ultimum
1192 3604 1387 3684 pastoralem
1410 3625 1485 3668 can-

370 3711 437 3770 tum
461 3727 493 3770 se
517 3711 677 3770 moturum
701 3726 769 3769 esse
786 3705 868 3770 Galli
892 3706 1074 3770 amicissimi
1097 3726 1193 3770 causa
1215 3710 1312 3787 po'e'ta
1331 3707 1415 3786 dicit,
1434 3709 1488 3771 cui

370 3810 481 3890 negari
508 3809 650 3872 carmina
678 3830 740 3872 non
768 3807 914 3872 debeant.
959 3809 1009 3871 cui
1036 3809 1096 3871 nisi
1120 3813 1246 3888 gratum
1267 3809 1373 3872 facere
1395 3809 1486 3874 volu-

459 4064 478 4127 1)
496 4063 531 4117 cf.
549 4062 687 4124 Ribbeck,
706 4063 778 4116 Prol.
797 4070 824 4130 9,
848 4081 866 4117 a
888 4081 942 4134 quo
965 4064 1047 4116 nullis
1074 4062 1163 4117 allatis
1191 4066 1358 4133 argumentis
1381 4064 1484 4119 Nettle·

370 4147 474 4217 shipius
492 4168 518 4218 p.
530 4154 564 4201 48
582 4149 717 4203 dissentit.
754 4149 895 4218 Przygode
913 4168 940 4218 p.
953 4155 994 4201 21.

371 4269 372 4273 =
458 4232 479 4299 ²)
498 4233 532 4286 cf.
551 4233 623 4289 Prol.
645 4238 684 4286 10.
719 4233 834 4295 Teuffel,
854 4234 924 4287 Hist.
943 4234 982 4287 lit.
1002 4233 1093 4287 Βοιῐι.4
1110 4252 1137 4302 p.
1155 4238 1213 4286 454.

458 4319 479 4380 ³)
497 4318 630 4372 Fleckeis.
651 4319 750 4372 Annal.
771 4323 836 4371 1879
854 4338 880 4388 p,
894 4323 1038 4374 tel-798.
