3194 4996
799 386 1011 447 ,24-

352 560 466 640 pacto
478 555 633 638 primam
642 555 784 637 eclogam
808 561 887 638 post
908 555 1025 620 nonam
1050 549 1216 637 prodisse
1220 575 1258 618 ex
1284 553 1367 637 ipsis
1391 572 1459 616 car·

351 658 488 725 minibus
506 657 653 723 efficitur.
714 715 717 721 .

438 765 480 826 At
500 764 658 844 grammat
659 761 708 826 ici
644 759 907 826 tnobilissimi
928 760 1000 825 1111
991 761 1110 826 rmonio
1131 760 1290 826 sententia
1303 704 1359 823 1111
1374 778 1459 823 com·

352 865 487 949 probari
505 865 628 930 videtur
591 864 662 948 urst)
698 864 731 927 in
745 864 843 929 Probi
865 863 948 928 enim
970 865 1201 930 commentario
1214 864 1294 927 haec
1308 861 1460 943 leguntur

354 972 394 1053 (p.
418 972 447 1049 5,
470 971 511 1033 30
534 968 657 1053 sq'Klt
680 968 932 1032 Mantuanorum.
948 968 1034 1051 agris
1056 966 1152 1032 dividi
1173 966 1265 1031 iussis
1286 964 1460 1048 Vergilium

354 1093 478 1155 quoque
505 1093 599 1154 agros
627 1091 701 1136 suos
727 1069 891 1150 amisisse,
914 1091 994 1152 quos
1021 1070 1186 1154 sexaginta
1202 1066 1352 1135 ¹ueterani
1378 1066 1460 1132 acci-

353 1179 480 1259 perent,
515 1175 648 1240 amissos
678 1173 822 1239 Caesaris
854 1173 958 1255 gratia
977 1174 1154 1257 recepisse.
1204 1194 1267 1256 qua
1296 1191 1331 1235 re
1361 1190 1461 1252 usque

354 1279 434 1344 a'deo
465 1278 607 1343 irritatos
638 1281 707 1342 esse
738 1281 904 1341 veteranos
921 1281 967 1339 'ut
994 1299 1066 1342 eum
1093 1275 1373 1366 occisuri'iuerint
1402 1275 1463 1338 nisi

354 1381 494 1465 fugisset.
538 1381 570 1445 id
599 1381 684 1464 quod
708 1380 812 1463 ipsum
833 1384 962 1461 po'etam
983 1379 1016 1443 in
1038 1401 1124 1446 nona
1147 1378 1258 1460 ecloga
1280 1378 1461 1443 contestari.

354 1486 473 1568 gratias
501 1504 575 1566 ergo
603 1488 749 1567 agentern
771 1485 912 1563 Augusto
935 1484 1020 1565 quod
1041 1484 1215 1567 recepisset
1236 1501 1329 1563 agros
1351 1480 1462 1562 Vergi-

355 1589 432 1654 lium
453 1587 606 1653 Bucolica
633 1585 810 1670 scripsisse,
839 1584 894 1650 sed
920 1606 984 1650 non
1010 1587 1122 1653 eodem
1149 1585 1257 1651 ordine
1280 1604 1342 1667 quo
1364 1584 1462 1665 scrip-

356 1693 449 1758 sisset
470 1690 614 1757 edidisse.
652 1695 757 1775 priore
771 1692 853 1753 caim
865 1691 926 1752 loco
942 1693 1186 1802 componendam
1201 1713 1262 1752 esse
1277 1712 1336 1774 qua
1351 1684 1464 1772 ereptos

355 1799 412 1860 sibi
431 1819 522 1880 apros
543 1791 1348 1884 1111111-111111111111114-911111111111
1363 1815 1464 1874 accep-

356 1911 416 1962 tum
438 1909 555 1963 testetur
574 1899 757 1980 beneficium.

441 2001 541 2081 Hanc,
565 2021 660 2082 quam
674 1998 768 2063 modo
780 1998 994 2079 exposuimus,
1010 1998 1225 2081 narrationem
1240 1999 1287 2062 ita
1302 2017 1374 2061 cum
1388 1996 1465 2078 ipsis

358 2092 475 2187 eclogis
489 2103 672 2186 conspirare
681 2101 911 2185 Nettleshipius
923 2102 1098 2167 arbitratur
1107 2105 1143 2166 ut
1152 2101 1321 2167 eamunioe
1332 2121 1465 2183 sequen·

358 2208 441 2272 dam'
461 2211 597 2271 censeat.
644 2226 825 2288 quanquam
854 2226 965 2288 graves
988 2206 1019 2269 in
1045 2226 1083 2270 ea
1111 2203 1340 2288 discrepantias
1362 2204 1466 2267 inesse

357 2310 453 2394 paulo
480 2310 634 2375 attentius
659 2309 816 2392 legentem
842 2308 971 2373 minime
997 2308 1097 2391 fugiet
1123 2309 1174 2392 (of.
1196 2309 1321 2372 Krause
1347 2308 1466 2391 p..>10).

359 2433 473 2495 nempe
500 2418 536 2476 ut
565 2412 709 2478 omittam
738 2431 847 2476 omnes
873 2410 931 2476 has
959 2432 1010 2476 res
1037 2418 1111 2495 post
1136 2410 1299 2476 Actiacam
1328 2430 1468 2492 pugnam

357 2516 459 2581 factas
487 2535 555 2580 esse
577 2515 701 2578 narrari
729 2518 769 2597 (p.
793 2518 821 2595 5,
844 2515 885 2577 22
908 2536 954 2596 sq.
977 2516 1042 2598 K),
1064 2517 1111 2578 ‘ne
1133 2513 1210 2578 illud
1233 2512 1360 2596 quidem
1383 2512 1467 2594 quod

359 2619 398 2683 de
426 2617 646 2701 eclogarumI
672 2623 704 2683 et
731 2616 777 2681 IX
805 2616 914 2682 ordine
941 2617 1165 2700 grammaticus
1188 2616 1305 2681 statuit
1320 2636 1399 2681 *cum
1422 2616 1468 2680 eis

359 2741 439 2804 quae
462 2720 501 2785 de
523 2725 647 2802 po‘e'tae'
661 2718 785 2784 rettulit
808 2719 933 2785 casibus
955 2720 1020 2786 ullo
1037 2720 1131 2786 modo
1148 2719 1310 2785 conciliari
1324 2724 1467 2802 possunt.

276 2897 279 2903 ,
358 2830 528 2907 postquam
559 2823 642 2888 enirn
673 2822 829 2887 restitutis
859 2828 974 2906 poetae
1006 2823 1091 2906 agris
1117 2828 1287 2888 veteranos
1314 2821 1469 2886 adductos

359 2947 428 2992 esse
464 2932 500 2990 ut
529 2926 614 2990 illius
644 2926 727 2991 vitae
757 2925 982 2991 insidiarentur
1012 2927 1124 3008 hisque
1154 2924 1275 2990 insidiis
1306 2924 1396 2989 illum
1427 2925 1468 2990 ad

359 3029 468 3112 fugam
490 3029 687 3112 compulsum
710 3049 779 3093 esse
802 3032 983 3113 (111211.)
1007 3030 1094 3108 dixit,
1116 3027 1201 3092 idem
1223 3027 1383 3093 offendere
1405 3049 1469 3092 non

359 3132 467 3197 debuit
495 3132 580 3214 quod
602 3132 762 3215 inpriore
785 3131 896 3215 ecloga
918 3132 957 3196 de
979 3131 1148 3211 beneficio,
1176 3131 1217 3193 in‘
1230 3132 1405 3213 posteriore
1429 3131 1468 3195 de

359 3234 474 3300 damno
498 3240 607 3300 sermo
625 3239 717 3299 esset.
754 3255 890 3317 namque
913 3234 1085 3316 fugientem
1100 3238 1230 3316 poetam
1245 3234 1396 3298 militibus
1412 3254 1470 3298 sua

359 3338 539 3421 permisisse
562 3358 633 3401 cum
655 3357 713 3421 per
736 3359 770 3402 se
786 3344 1033 3403 consentaneum
1048 3337 1097 3417 sit,
1121 3342 1187 3401 tum
1205 3357 1243 3402 ex
1258 3357 1343 3402 nona
1358 3337 1471 3420 ecloga

360 3441 471 3506 eodem
501 3441 574 3507 loco
600 3439 732 3505 laudata
758 3441 874 3521 elucet,
906 3462 970 3523 qua
998 3461 1070 3504 eum
1097 3440 1129 3504 in
1151 3439 1348 3506 defendendo
1370 3441 1470 3524 patri-

360 3545 466 3611 monio
489 3564 590 3627 paene
614 3543 753 3609 occisum
775 3564 871 3626 aegre
893 3544 968 3626 fuga
991 3542 1126 3607 salutem
1147 3543 1303 3609 invenisse
1318 3543 1470 3627 legamus.

360 3670 399 3713 ex
429 3649 499 3730 ipsa
528 3647 625 3729 igitur
650 3646 747 3711 Probi
773 3646 957 3712 narratione
984 3645 1054 3711 fieri
1082 3667 1145 3712 non
1171 3651 1278 3730 potest
1300 3647 1376 3729 quin
1397 3652 1472 3729 post

361 3756 528 3833 acceptum
550 3747 737 3815 beneficium
751 3749 909 3832 Vergilius
931 3750 1016 3833 agris
1039 3749 1188 3831 expulsus
1209 3770 1278 3814 esse
1294 3749 1470 3832 colligatur.

361 3853 447 3936 quod
478 3853 505 3918 si
534 3853 567 3916 in
598 3852 708 3919 eadem
739 3852 777 3917 de
807 3853 960 3917 mutando
988 3852 1122 3916 duarum
1150 3852 1332 3933 eclogarum
1361 3853 1470 3918 ordine
1573 3916 1578 3927 ,

361 3976 464 4020 sermo
496 3960 557 4036 est,
531 3954 649 4020 thoc
676 3956 781 4020 nescio
812 3976 854 4020 an
879 3962 948 4021 rect
948 3957 997 4021 ius
1025 3975 1120 4037 quam
1148 3954 1254 4019 omnia
1277 3977 1359 4079 quae
1382 3960 1470 4020 ante-

362 4058 520 4123 cedunta
541 4079 616 4123 vero
639 4057 747 4123 Probo
769 4058 992 4123 abiudicemus.

403 4160 507 4227 Sed
532 4181 572 4225 ne
598 4160 654 4225 illa
681 4160 808 4243 quidem
836 4182 907 4225 cum
934 4166 1048 4243 poetae
1077 4160 1253 4225 verbist
1203 4166 1253 4226 sat
1255 4159 1281 4226 11
1304 4160 1471 4225 concinere

450 4301 470 4366 ¹)
489 4298 649 4367 Nettleship.
675 4303 708 4350 43
726 4314 779 4367 sq,
807 4295 842 4351 cf.
869 4299 951 4351 etiam
972 4298 1079 4352 Krause
1101 4314 1128 4367 p.
1147 4302 1179 4350 12
1201 4301 1254 4367 sq'.,
1281 4299 1327 4368 qui
1351 4297 1471 4351 Probum

361 4403 453 4437 oerum
470 4401 571 4437 nonam
589 4384 712 4454 eclogam
730 4382 898 4437 confidenter
916 4388 979 4436 ante
997 4383 1112 4452 primam
1130 4399 1231 4453 ponere
1250 4383 1323 4439 dicit.
