3194 4996
685 387 899 448 -19-

239 555 413 636 largiamur
435 559 524 636 (quos
552 576 591 618 ne
615 554 807 619 Ribbeckius
830 555 957 638 quidem
979 555 1040 620 hoc
1062 555 1133 620 loco
1156 558 1348 640 spernendos

238 663 340 740 putat,
361 658 446 723 Prol.
468 660 512 740 2),
544 657 679 722 eundem
707 679 776 722 6666
802 657 885 722 1666
911 657 1112 724 Cornificium
1133 659 1265 742 Vergilii
1292 660 1348 726 ob·
1449 695 1451 700 .

238 765 447 826 treotatorem
481 759 658 841 (Cledonius
688 781 720 843 p.
750 762 839 824 1898.
870 759 1026 841 Ribbeck,
1057 759 1144 827 Prol.
1172 764 1224 847 96)
1251 768 1348 845 61666

238 863 328 928 illum
354 883 449 947 quem
476 863 509 927 in
531 862 638 927 Africa
663 869 858 946 pugnantem
884 864 1237 950 (monastiriale)
1264 886 1347 932 6666

238 967 306 1033 fere
335 969 396 1032 713
428 965 567 1031 occisum
594 986 663 1031 esse
691 971 817 1032 constet
844 967 982 1052 (Sueton.
1008 988 1039 1049 p.
1062 968 1100 1032 41
1124 968 1161 1032 R.
1206 967 1243 1032 61
1270 970 1349 1034 Dru-

238 1092 343 1152 mann,
365 1068 447 1134 Hist.
469 1070 559 1133 Rom.
582 1071 614 1133 Π
638 1071 712 1152 117)
735 1069 786 1133 vix
808 1069 885 1134 mihi
906 1069 1091 1152 persuadeo

324 1172 468 1238 Certiora
489 1172 528 1236 de
550 1191 660 1236 earum
682 1170 865 1255 eclogarum
887 1172 1083 1255 temporibus
1103 1170 1200 1238 statui
1218 1180 1350 1256 possunt

239 1296 323 1359 6666
344 1297 415 1341 cum
431 1295 579 1357 agrorum
594 1273 746 1340 divisione
762 1297 789 1339 6.
802 1277 863 1339 713
878 1276 965 1341 facta
981 1280 1071 1358 (App.
1080 1278 1116 1341 B.
1126 1274 1198 1342 CV
1213 1279 1232 1338 3
1249 1282 1282 1342 61
1299 1281 1349 1360 13)

241 1379 441 1444 cohaereant.
483 1383 579 1460 atque
603 1399 675 1441 cum
696 1377 757 1441 hac
780 1377 937 1443 artissime
960 1378 1253 1446 coniunctamesse
1276 1383 1350 1445 eclo-

236 1507 310 1568 ffam
326 1486 459 1566 primam
480 1480 638 1545 neminem
659 1480 748 1561 fugit,
770 1502 873 1564 neque
893 1482 1083 1547 exstiterunt
1097 1482 1211 1565 quibus
1229 1484 1349 1567 allego·

238 1585 308 1649 rica
336 1584 429 1649 huius
461 1582 608 1648 carminis
639 1583 722 1649 ratio
752 1583 900 1666 neganda
924 1583 1094 1651 videretur.
1138 1587 1238 1672 Tityri
1265 1587 1349 1651 enim

239 1708 377 1770 persona
398 1709 473 1752 usus
495 1707 567 1751 cum
588 1706 622 1750 se
643 1685 713 1768 ipso
736 1685 816 1751 bene
831 1693 938 1751 actum
953 1707 1021 1753 6666
1038 1687 1196 1772 Vergilius
1211 1690 1349 1755 ostendit

240 1790 326 1874 quod
352 1813 409 1857 suo
437 1811 514 1874 agro
538 1794 622 1854 66661
643 1794 869 1871 temperatum,
897 1789 1046 1856 Meliboei
1068 1797 1175 1857 autem
1198 1793 1348 1875 querellis

239 1894 441 1978 popularium
471 1893 640 1972 fortunam,
671 1893 725 1975 qui
755 1892 953 1975 patrimoniis
984 1895 1107 1976 expulsi
1132 1915 1230 1960 novas
1257 1894 1348 1960 sedes

240 2018 393 2080 quaerere
417 1995 521 2062 coacti
543 1999 643 2075 erant,
666 1995 844 2078 complorat
867 2001 899 2060 61
918 1997 1168 2063 commiseratur.
1205 2003 1302 2081 atque
1317 1998 1350 2062 in

240 2102 298 2167 has
334 2100 531 2166 calamitates
562 2097 618 2181 qui
648 2097 766 2162 factum
800 2104 884 2164 esset
913 2105 950 2162 ut
980 2102 1145 2165 Mantuani
1175 2100 1351 2166 inciderent

240 2204 390 2286 quoniam
421 2200 658 2268 accuratissime
688 2199 879 2266 Ribbeckius
911 2202 1045 2286 (Proleg.
1068 2207 1088 2268 4
1111 2226 1157 2286 66.
1180 2205 1279 2287 praef.
1303 2203 1351 2268 ed.

240 2307 313 2370 min.
336 2307 443 2371 XVIII
465 2309 522 2388 66.)
550 2303 710 2386 exposuit,
741 2324 846 2369 meum
877 2325 940 2369 non
971 2311 1019 2370 est
1048 2313 1202 2390 repetere.
1246 2327 1351 2389 aquo

240 2415 348 2475 tamen
378 2409 413 2473 in
435 2405 676 2490 interpretanda
698 2405 810 2490 ecloga
831 2408 855 2470 Ι.
877 2407 1040 2489 paululum
1067 2410 1204 2476 discedo.
1248 2430 1351 2492 66666

242 2512 323 2577 enim
341 2512 426 2595 quod
441 2516 565 2577 veteres
580 2509 709 2592 quidam
724 2511 924 2592 grammatici
933 2512 1065 2577 tradunt
1074 2514 1170 2597 (Serv.
1180 2514 1211 2577 H
1225 2534 1255 2595 p.
1267 2513 1351 2576 9111.

243 2614 282 2679 61.
298 2614 420 2679 Probus
435 2636 465 2698 p.
482 2616 510 2694 6,
527 2616 546 2677 9
562 2634 608 2695 66.
630 2613 681 2695 Κ.)
703 2612 768 2677 iam
790 2618 858 2678 tum
873 2613 1013 2696 Vergilio
1037 2621 1179 2698 ereptum
1203 2615 1298 2680 161666
1321 2622 1354 2680 61

242 2717 345 2784 missis
368 2740 388 2783 a
410 2718 545 2782 Caesare
568 2715 739 2780 triumviris
761 2715 943 2781 restitutum
966 2738 1034 2782 6666
1054 2738 1166 2801 agrum
1181 2717 1246 2782 ullo
1261 2718 1353 2783 huius

243 2821 390 2886 carminis
419 2821 491 2886 loco
519 2819 604 2884 mihi
623 2817 748 2883 videtur
774 2817 899 2904 prodi.¹)
943 2819 1040 2886 immo
1064 2821 1171 2886 omnia
1192 2821 1223 2884 in
1247 2821 1354 2887 coita

244 2929 317 2989 sunt
339 2928 526 3006 comparata
546 2927 583 2987 ut
604 2920 767 2987 turbatum
788 2922 1056 2988 ferocissimorum
1077 2922 1238 2988 hominum
1260 2945 1353 2989 vexa-

245 3027 383 3093 tionibus
410 3032 525 3110 661166
553 3025 653 3092 otium
675 3024 820 3090 Caesaris
845 3024 1026 3091 interventu
1053 3025 1082 3091 61
1104 3025 1261 3091 redditum
1285 3048 1353 3092 esse

243 3130 316 3195 inde
338 3129 479 3213 patefiat.
516 3148 653 3211 namque
672 3152 800 3209 manere,
823 3150 888 3194 non
907 3129 1072 3195 restitutos
1087 3149 1157 3194 esse
1172 3151 1245 3196 suos
1261 3151 1354 3213 agros

246 3236 284 3316 (v.
308 3236 360 3318 46)
368 3235 390 3315 2)
413 3234 572 3316 bovesque
594 3250 735 3314 pascere,
757 3242 792 3294 ut
810 3242 886 3312 6616,
910 3231 969 3297 6111
992 3253 1060 3297 6666
1083 3253 1265 3298 concessum
1278 3236 1353 3318 (45)

243 3357 303 3401 666
324 3358 389 3402 666
412 3358 451 3401 ex
466 3335 574 3420 apium
589 3353 725 3413 susurro,
749 3358 805 3419 quo
820 3359 935 3420 semper
949 3335 1059 3401 solitus
1074 3335 1178 3416 luerit,
1200 3337 1234 3401 in
1248 3342 1354 3419 poste·

244 3461 315 3504 rum
337 3460 465 3522 quoque
487 3460 632 3504 somnum
656 3457 770 3520 capere
792 3435 888 3502 licere
904 3440 956 3520 (53
972 3442 1030 3523 sq.)
1045 3444 1142 3522 po'eta
1157 3439 1242 3503 dicit.
1279 3438 1355 3522 quid

245 3542 329 3625 quod
355 3545 427 3605 oilla
455 3545 517 3604 eius
544 3539 688 3606 omnibus
714 3539 809 3605 rebus
837 3545 904 3605 tam
931 3539 1011 3605 bene
1038 3552 1144 3605 ornato
1166 3553 1195 3606 et
1215 3547 1355 3605 16666616

238 3650 294 3711 est
320 3650 356 3709 61
382 3665 550 3727 pomorum
577 3643 742 3726 pressique
769 3634 862 3708 lactis
889 3642 982 3724 copia
1003 3633 1134 3709 laudata
1155 3644 1280 3728 Tityrus
1303 3666 1355 3708 ex-

333 3869 353 3935 1)
372 3866 407 3923 61.
425 3867 508 3922 etiam
526 3867 669 3939 Przygcde
688 3885 715 3937 p.
726 3871 760 3921 21
778 3884 818 3937 66.

331 3953 353 4020 ²)
372 3954 531 4023 ,Fortunate
557 3969 650 4021 senex,
678 3969 743 4024 ergo
768 3958 818 4007 tua
844 3969 909 4007 rura
934 3952 1083 4008 66661661
1107 3953 1166 4020 (611
1193 3953 1356 4008 vocabulum

245 4041 309 4108 ,tua‘
327 4040 479 4109 praedicati
501 4039 561 4093 loco
585 4043 746 4109 usurpatum
764 4056 825 4093 6666
842 4038 916 4093 haud
933 4040 1014 4110 pauci
1033 4039 1084 4093 viri
1101 4039 1176 4094 docti
1193 4041 1356 4108 existimant,

245 4143 270 4181 v.
289 4125 414 4194 Be'noIst,
436 4125 563 4196 Kappes,
587 4126 719 4196 Schapm,
742 4125 853 4180 Kolster
877 4126 906 4178 in
927 4125 992 4181 edit.
1010 4125 1125 4193 Bucol.).
1160 4125 1195 4180 cf.
1213 4127 1296 4180 etiam
1314 4126 1356 4179 IX

245 4216 341 4266 7-1οι
369 4211 461 4280 ,Certe
484 4211 609 4281 equidem
637 4212 776 4266 audieram
799 4243 832 4250 -
855 4213 947 4266 omnia
970 4211 1135 4266 carminibus
1158 4216 1279 4267 vestrum
1302 4231 1356 4265 scr·

244 4316 321 4351 casse
341 4297 492 4352 Menalcan'
517 4329 548 4337 -
571 4314 642 4367 quae
668 4299 735 4367 quin
762 4297 798 4352 ad
820 4297 932 4367 eclogae
955 4297 977 4353 Ι.
1000 4298 1182 4352 narrationem
1209 4298 1358 4368 respiciant

245 4400 300 4436 non
320 4382 423 4438 dubito.
