3194 4996
696 374 910 436 ,36-

246 543 372 608 habitos
404 545 487 608 euim
518 565 538 606 a
568 543 654 607 Varo
686 542 877 607 Mantuanos
909 543 940 605 in
973 561 1124 622 agrorum
1155 540 1360 605 divisionibus
1399 554 1410 576 ³

245 645 344 710 refert
366 684 407 693 —
430 644 608 711 mirandum
636 665 700 710 non
727 650 776 708 est
797 645 950 708 Nostrum
977 642 1145 725 ‚splendidi
1171 644 1256 707 illius
1284 650 1360 725 poe·

246 749 341 813 matis
363 746 540 812 consilium‘
567 768 642 812 mox
671 748 852 829 deposuisse
880 748 930 829 (of.
953 745 1104 824 Ribbeck,
1127 746 1211 809 Prol.
1235 748 1276 828 8).
1321 766 1361 809 ne

245 856 352 914 autem
384 849 490 915 officio
522 849 631 914 deesse
666 849 838 929 videretur,
870 856 906 912 ut
942 854 1145 913 excusantem
1181 846 1266 930 quod
1302 845 1362 911 sibi

246 973 310 1017 nou
336 952 448 1016 liceret
475 950 663 1016 abucolica
683 952 774 1033 po'esi
796 950 931 1015 deficere
953 951 1036 1015 hanc
1059 951 1203 1033 eclogam
1225 948 1266 1014 ad
1289 970 1362 1014 eum

244 1055 340 1118 misit.
384 1075 479 1136 quam
501 1055 534 1117 in
557 1055 633 1118 Vari
655 1053 809 1118 honorem
829 1054 1042 1137 perscriptam
1065 1074 1133 1117 esse
1156 1052 1206 1117 vel
1229 1071 1268 1115 ex
1290 1053 1361 1133 ipso

246 1157 393 1221 carminis
421 1162 608 1238 argumento
632 1156 811 1239 collegeris,
841 1155 984 1222 simodo
1007 1162 1095 1221 recte
1117 1161 1241 1219 veteres
1262 1155 1361 1218 inter-

244 1265 352 1342 pretes
367 1257 498 1323 tradunt
513 1258 609 1341 (Serv.
625 1258 666 1323 ad
681 1259 738 1323 ecl.
749 1260 793 1323 Vl
813 1261 862 1342 13)
879 1258 936 1323 sub
952 1259 1049 1324 Sileni
1065 1279 1203 1340 persona
1216 1257 1361 1322 Sironem

245 1360 468 1444 philosophum
494 1360 612 1440 induci,
640 1382 661 1424 a
689 1382 751 1443 quo
774 1363 950 1443 Epicureae
977 1360 1161 1444 disciplinae
1187 1366 1389 1443 praecepta

245 1464 338 1528 simul
362 1483 434 1526 cum
457 1463 541 1528 Varo
565 1464 683 1528 Noster
704 1463 867 1529 audiverit.

330 1565 479 1629 Videmus
498 1565 595 1646 igitur
610 1567 729 1630 Varum
748 1566 811 1631 illis
830 1564 1027 1648 temporibus
1047 1567 1112 1630 iam
1134 1565 1243 1648 aliquo
1266 1564 1362 1629 modo

244 1668 355 1733 Nostri
377 1668 515 1750 gratiam
538 1669 703 1732 meruisse:
731 1669 763 1731 id
787 1666 872 1750 quod
894 1669 1026 1732 servatis
1048 1673 1164 1751 poetae
1188 1668 1273 1749 agris
1295 1665 1362 1731 fac·

244 1777 311 1834 tum
335 1791 404 1835 esse
428 1791 466 1834 ex
488 1769 593 1836 Probo
618 1773 659 1853 (p.
677 1774 727 1850 53,
747 1774 766 1833 4
787 1772 834 1854 R.)
858 1777 891 1834 et
912 1773 1037 1835 Donato
1060 1772 1102 1852 (p.
1119 1772 1202 1850 59,1
1225 1769 1275 1851 R.)
1298 1769 1362 1834 dis·

243 1875 352 1938 cimus.
396 1893 498 1954 neque
529 1874 589 1936 hac
620 1873 690 1954 ipsa
721 1893 756 1936 re
783 1873 823 1936 ad
851 1871 1113 1937 conscribendam
1138 1872 1285 1954 eclogam
1306 1871 1361 1935 Vl.

243 1973 414 2040 adductum
442 1995 512 2039 esse
541 1976 693 2039 Nostrum
721 1974 865 2057 plerique
893 1975 951 2039 viri
983 1974 1070 2039 docti
1097 1995 1161 2038 non
1189 1993 1360 2056 perspexe-

242 2083 326 2140 runt.
364 2098 404 2140 ex
426 2074 539 2158 quibus
562 2075 742 2141 Flaohius
765 2077 928 2160 (Fleckeis.
945 2080 1025 2141 Ann.
1044 2078 1125 2140 1878
1143 2098 1175 2160 p.
1192 2078 1266 2158 636)
1282 2075 1362 2140 Vari

242 2179 352 2243 laudes
374 2178 446 2243 ideo
470 2179 606 2242 maxime
622 2178 761 2261 Apollini
783 2181 979 2261 gratissimas
1001 2182 1040 2262 (r.
1060 2182 1095 2242 11
1102 2181 1167 2261 lit)
1191 2178 1254 2242 dici
1275 2179 1362 2262 quod

242 2283 296 2347 ille
311 2281 453 2363 Vergilio
475 2282 537 2363 ipsi
559 2282 778 2363 patrocinatus
801 2288 885 2347 esset
907 2284 1027 2364 optime
1049 2281 1180 2362 monuit,
1204 2281 1361 2347 modone

243 2393 317 2450 ante
349 2385 485 2467 primam
517 2390 550 2448 et
579 2405 697 2450 nonam
728 2384 811 2450 hauc
842 2386 986 2467 eclogam
1017 2385 1210 2467 posuisset.¹)
1261 2405 1359 2467 quam

241 2489 366 2572 pacatis
387 2485 633 2569 Transpadanae
660 2485 756 2551 rebus
784 2494 889 2553 ortam
917 2509 985 2552 esse
1017 2486 1109 2552 facile
1140 2489 1358 2569 cognoscitur:

242 2592 361 2656 etenim
382 2589 461 2654 illud
483 2595 608 2672 tempus
632 2590 774 2654 videmus
798 2589 933 2654 describi
957 2612 1019 2673 quo
1044 2591 1129 2671 agris
1152 2597 1186 2655 et
1208 2591 1358 2672 gregibus

240 2699 339 2776 polita
364 2693 477 2757 timere
506 2693 636 2756 desierit
662 2698 696 2756 et
720 2693 835 2772 ,tristia
857 2693 994 2757 condere
1013 2692 1107 2758 bella‘
1129 2694 1193 2757 iam
1215 2695 1358 2775 potuerit

241 2795 408 2860 consilium
431 2815 548 2878 capere
570 2793 620 2879 (cf.
643 2795 774 2859 Kolster
796 2817 826 2878 p.
846 2798 905 2860 100
922 2798 989 2878 sq.).

325 2897 577 2963 Ribbeokium
607 2904 715 2962 autem
747 2899 867 2963 ineunti
898 2920 979 2962 anno
1012 2899 1106 2981 7142)
1135 2898 1196 2964 hoc
1228 2920 1358 2964 carmen

240 3000 415 3066 attribuere
442 3022 480 3067 eo
508 3002 609 3084 magis
635 3002 733 3075 miror
756 3001 841 3082 quod
863 3000 904 3065 ad
926 3002 1083 3082 promissa
1105 3001 1255 3066 solvenda
1276 3002 1358 3068 illud

240 3105 454 3186 conscriptum
483 3125 552 3168 esse
580 3104 699 3168 statuit.
745 3124 881 3186 namque
904 3110 940 3167 ut
961 3106 1125 3187 promissis
1148 3110 1249 3169 staret
1271 3107 1357 3187 agris

240 3229 299 3290 per
313 3209 433 3272 Varum
457 3207 589 3271 servatis
604 3207 724 3271 Noster
746 3205 901 3271 adductus
921 3213 970 3271 est
985 3207 1080 3290 (Prol.
1097 3210 1137 3291 6).
1174 3207 1232 3272 hos
1247 3214 1357 3272 autem

237 3312 272 3375 in
298 3309 410 3374 mediis
435 3308 513 3373 belli
539 3307 683 3373 Perusini
710 3307 812 3374 turbis
838 3308 885 3372 illi
914 3329 1009 3374 curae
1038 3331 1107 3374 esse
1135 3311 1276 3393 potuisse
1304 3311 1357 3375 rix

240 3410 437 3478 crediderim.

326 3516 394 3578 Nec
417 3515 517 3597 magis
533 3515 646 3578 Vossio
670 3514 827 3579 calculum
849 3514 952 3579 adicio
976 3516 1030 3598 qui
1053 3521 1175 3580 aestate
1198 3515 1272 3580 anni
1292 3518 1356 3581 715

241 3617 324 3681 hanc
353 3617 498 3699 eclogam
523 3623 628 3682 ortam
649 3622 742 3698 putat
765 3621 807 3700 (p.
828 3620 910 3702 287).
954 3639 1057 3701 neque
1080 3619 1163 3682 enim
1186 3616 1275 3682 video
1299 3640 1358 3684 cur

241 3727 309 3785 tam
333 3719 387 3784 diu
409 3720 527 3785 Noster
550 3717 646 3784 officii
669 3720 784 3785 oblitus
808 3721 849 3784 sit
870 3719 920 3804 (cs.
943 3720 1144 3804 Bitschofsky
1167 3741 1196 3802 p.
1216 3722 1276 3803 10).

327 3821 430 3900 Quare
459 3823 586 3885 exeunti
614 3823 680 3887 fere
707 3844 790 3888 anno
815 3825 876 3887 714
899 3823 975 3886 mihi
997 3822 1201 3887 attribuenda
1222 3824 1356 3889 videtur.

328 3923 390 3990 Sed
412 3924 623 4007 Schaperus
646 3925 730 3989 Galli
752 3924 862 3990 laudes
877 3924 971 3990 affert
985 3925 1081 3990 Sileni
1096 3928 1203 3990 cantui
1218 3927 1356 3993 insertas

242 4031 299 4110 (vv.
317 4029 455 4109 64-73)
480 4026 593 4110 quibus
616 4028 818 4115 demonstret
834 4034 908 4109 post
930 4027 1014 4092 Galli
1036 4034 1180 4108 mortem,
1203 4031 1222 4093 i.
1239 4051 1264 4094 e.
1281 4036 1356 4112 post

331 4182 350 4248 1)
369 4181 441 4234 idem
460 4181 494 4236 de
512 4186 605 4235 sextae
623 4186 745 4250 tempore
762 4181 871 4235 Kranae
888 4198 914 4251 p.
928 4185 962 4234 30
974 4198 1013 4251 sq.
1032 4184 1135 4235 statuit.

330 4265 351 4332 ²)
369 4265 442 4319 Prol.
462 4272 490 4318 8:
516 4271 667 4334 ‚postquam
690 4269 807 4336 primum
832 4282 905 4319 anno
926 4268 955 4318 ni
973 4266 1055 4320 fallor
1074 4271 1123 4320 714
1145 4270 1256 4321 incunte
1273 4272 1357 4336 poeta

244 4368 355 4404 carmen
373 4351 440 4405 illud
458 4353 602 4405 recitavit‘
636 4350 723 4420 praef.
742 4352 784 4407 ed.
802 4354 866 4405 min.
885 4351 947 4406 XV.
